ts_recv,ts_event,rtype,publisher_id,instrument_id,action,side,depth,price,size,flags,ts_in_delta,sequence,symbol
2026-06-07T22:00:00.033661191Z,2026-06-07T22:00:00.000000000Z,0,1,42140864,T,N,0,7368.000000000,173,0,20596,4977,ESM6
2026-06-07T22:00:00.036500609Z,2026-06-07T22:00:00.000000000Z,0,1,42140870,T,N,0,7429.750000000,1,0,14791,4978,ESU6
2026-06-07T22:00:00.037436579Z,2026-06-07T22:00:00.033631957Z,0,1,42140864,T,A,0,7368.000000000,1,0,13074,4986,ESM6
2026-06-07T22:00:00.042541457Z,2026-06-07T22:00:00.040366043Z,0,1,42140864,T,A,0,7368.000000000,1,0,12772,5101,ESM6
2026-06-07T22:00:00.043528017Z,2026-06-07T22:00:00.042168785Z,0,1,42140864,T,B,0,7368.500000000,2,0,13509,5103,ESM6
2026-06-07T22:00:00.044784209Z,2026-06-07T22:00:00.042267163Z,0,1,42140864,T,B,0,7368.500000000,1,0,14212,5105,ESM6
2026-06-07T22:00:00.044784209Z,2026-06-07T22:00:00.042267163Z,0,1,42140864,T,B,0,7368.750000000,2,0,14212,5105,ESM6
2026-06-07T22:00:00.045424841Z,2026-06-07T22:00:00.044041375Z,0,1,42140864,T,B,0,7368.750000000,2,0,12882,5109,ESM6
2026-06-07T22:00:00.057013644Z,2026-06-07T22:00:00.055798443Z,0,1,42140864,T,A,0,7368.250000000,2,0,12808,5130,ESM6
2026-06-07T22:00:00.057645157Z,2026-06-07T22:00:00.056083781Z,0,1,42140864,T,B,0,7368.750000000,6,0,12952,5132,ESM6
2026-06-07T22:00:00.059290991Z,2026-06-07T22:00:00.056171349Z,0,1,42140864,T,B,0,7368.750000000,2,0,12919,5134,ESM6
2026-06-07T22:00:00.059290991Z,2026-06-07T22:00:00.056171349Z,0,1,42140864,T,B,0,7369.000000000,2,0,12919,5134,ESM6
2026-06-07T22:00:00.059290991Z,2026-06-07T22:00:00.056171349Z,0,1,42140864,T,B,0,7369.500000000,3,0,12919,5134,ESM6
2026-06-07T22:00:00.059635057Z,2026-06-07T22:00:00.056344083Z,0,1,42140864,T,B,0,7370.000000000,5,0,12789,5136,ESM6
2026-06-07T22:00:00.064174295Z,2026-06-07T22:00:00.059364687Z,0,1,42140864,T,B,0,7368.750000000,1,0,13770,5153,ESM6
2026-06-07T22:00:00.064174295Z,2026-06-07T22:00:00.059364687Z,0,1,42140864,T,B,0,7369.500000000,1,0,13770,5153,ESM6
2026-06-07T22:00:00.064174295Z,2026-06-07T22:00:00.059364687Z,0,1,42140864,T,B,0,7369.750000000,2,0,13770,5153,ESM6
2026-06-07T22:00:00.064174295Z,2026-06-07T22:00:00.059364687Z,0,1,42140864,T,B,0,7370.000000000,14,0,13770,5153,ESM6
2026-06-07T22:00:00.064174295Z,2026-06-07T22:00:00.059364687Z,0,1,42140864,T,B,0,7370.250000000,2,0,13770,5153,ESM6
2026-06-07T22:00:00.099845651Z,2026-06-07T22:00:00.098345317Z,0,1,42140864,T,B,0,7369.250000000,1,0,12986,5239,ESM6
2026-06-07T22:00:00.108541587Z,2026-06-07T22:00:00.107119697Z,0,1,42140864,T,B,0,7369.250000000,1,0,12809,5254,ESM6
2026-06-07T22:00:00.109546579Z,2026-06-07T22:00:00.108149387Z,0,1,42140864,T,B,0,7369.500000000,3,0,12803,5257,ESM6
2026-06-07T22:00:00.112341127Z,2026-06-07T22:00:00.111084305Z,0,1,42140864,T,B,0,7369.500000000,2,0,12892,5269,ESM6
2026-06-07T22:00:00.114681006Z,2026-06-07T22:00:00.113309777Z,0,1,42140864,T,A,0,7369.500000000,1,0,12815,5282,ESM6
2026-06-07T22:00:00.115495151Z,2026-06-07T22:00:00.113310541Z,0,1,42140864,T,A,0,7369.250000000,2,0,14468,5284,ESM6
2026-06-07T22:00:00.116239350Z,2026-06-07T22:00:00.113332565Z,0,1,42140864,T,B,0,7369.500000000,1,0,13117,5286,ESM6
2026-06-07T22:00:00.117199953Z,2026-06-07T22:00:00.113593713Z,0,1,42140864,T,B,0,7370.000000000,1,0,12851,5288,ESM6
2026-06-07T22:00:00.118220917Z,2026-06-07T22:00:00.115414867Z,0,1,42140864,T,B,0,7369.750000000,1,0,13282,5296,ESM6
2026-06-07T22:00:00.119250732Z,2026-06-07T22:00:00.117190367Z,0,1,42140864,T,A,0,7369.500000000,1,0,13028,5303,ESM6
2026-06-07T22:00:00.120336876Z,2026-06-07T22:00:00.118199341Z,0,1,42140864,T,B,0,7369.500000000,1,0,12861,5305,ESM6
2026-06-07T22:00:00.121367326Z,2026-06-07T22:00:00.118359711Z,0,1,42140864,T,A,0,7369.500000000,1,0,12717,5313,ESM6
2026-06-07T22:00:00.122662107Z,2026-06-07T22:00:00.121355031Z,0,1,42140864,T,A,0,7369.500000000,2,0,12806,5328,ESM6
2026-06-07T22:00:00.123330001Z,2026-06-07T22:00:00.121547463Z,0,1,42140864,T,B,0,7369.750000000,1,0,13298,5334,ESM6
2026-06-07T22:00:00.123954640Z,2026-06-07T22:00:00.121695249Z,0,1,42140864,T,A,0,7369.500000000,1,0,13908,5336,ESM6
2026-06-07T22:00:00.124778182Z,2026-06-07T22:00:00.123044037Z,0,1,42140864,T,A,0,7369.250000000,1,0,13222,5338,ESM6
2026-06-07T22:00:00.125591700Z,2026-06-07T22:00:00.123716949Z,0,1,42140864,T,A,0,7369.500000000,1,0,15397,5341,ESM6
2026-06-07T22:00:00.126560213Z,2026-06-07T22:00:00.124809305Z,0,1,42140864,T,B,0,7369.500000000,1,0,12858,5352,ESM6
2026-06-07T22:00:00.127150926Z,2026-06-07T22:00:00.125003159Z,0,1,42140864,T,B,0,7369.500000000,1,0,12810,5354,ESM6
2026-06-07T22:00:00.128370103Z,2026-06-07T22:00:00.125853145Z,0,1,42140864,T,A,0,7369.500000000,1,0,13227,5360,ESM6
2026-06-07T22:00:00.129195334Z,2026-06-07T22:00:00.125856427Z,0,1,42140864,T,A,0,7369.250000000,1,0,13086,5362,ESM6
2026-06-07T22:00:00.130628673Z,2026-06-07T22:00:00.127500969Z,0,1,42140864,T,A,0,7369.500000000,2,0,12904,5370,ESM6
2026-06-07T22:00:00.131202378Z,2026-06-07T22:00:00.127653853Z,0,1,42140864,T,B,0,7369.750000000,1,0,13046,5372,ESM6
2026-06-07T22:00:00.131683121Z,2026-06-07T22:00:00.127654159Z,0,1,42140864,T,A,0,7369.250000000,1,0,13121,5374,ESM6
2026-06-07T22:00:00.132567849Z,2026-06-07T22:00:00.129496051Z,0,1,42140864,T,B,0,7369.500000000,1,0,12890,5382,ESM6
2026-06-07T22:00:00.134498289Z,2026-06-07T22:00:00.130349529Z,0,1,42140864,T,A,0,7369.250000000,2,0,14008,5384,ESM6
2026-06-07T22:00:00.134498289Z,2026-06-07T22:00:00.130349529Z,0,1,42140864,T,A,0,7369.000000000,4,0,14008,5384,ESM6
2026-06-07T22:00:00.134498289Z,2026-06-07T22:00:00.130349529Z,0,1,42140864,T,A,0,7368.750000000,4,0,14008,5384,ESM6
2026-06-07T22:00:00.135712856Z,2026-06-07T22:00:00.131484315Z,0,1,42140864,T,A,0,7369.500000000,2,0,13275,5388,ESM6
2026-06-07T22:00:00.135712856Z,2026-06-07T22:00:00.131484315Z,0,1,42140864,T,A,0,7369.250000000,1,0,13275,5388,ESM6
2026-06-07T22:00:00.136309561Z,2026-06-07T22:00:00.131815365Z,0,1,42140864,T,B,0,7369.250000000,1,0,12751,5391,ESM6
2026-06-07T22:00:00.136981967Z,2026-06-07T22:00:00.131824197Z,0,1,42140864,T,B,0,7369.250000000,1,0,12651,5394,ESM6
2026-06-07T22:00:00.137645543Z,2026-06-07T22:00:00.132580145Z,0,1,42140864,T,B,0,7369.250000000,1,0,13024,5396,ESM6
2026-06-07T22:00:00.139232417Z,2026-06-07T22:00:00.134314657Z,0,1,42140864,T,B,0,7369.500000000,2,0,13607,5399,ESM6
2026-06-07T22:00:00.139232417Z,2026-06-07T22:00:00.134314657Z,0,1,42140864,T,B,0,7369.750000000,1,0,13607,5399,ESM6
2026-06-07T22:00:00.139861548Z,2026-06-07T22:00:00.134531377Z,0,1,42140864,T,A,0,7369.500000000,1,0,12717,5401,ESM6
2026-06-07T22:00:00.141029039Z,2026-06-07T22:00:00.136998927Z,0,1,42140864,T,A,0,7369.250000000,1,0,12867,5412,ESM6
2026-06-07T22:00:00.142171265Z,2026-06-07T22:00:00.139284723Z,0,1,42140864,T,B,0,7369.500000000,1,0,12596,5420,ESM6
2026-06-07T22:00:00.143098558Z,2026-06-07T22:00:00.139286663Z,0,1,42140864,T,B,0,7369.500000000,1,0,13497,5422,ESM6
2026-06-07T22:00:00.144116028Z,2026-06-07T22:00:00.141108803Z,0,1,42140864,T,A,0,7369.250000000,1,0,12812,5429,ESM6
2026-06-07T22:00:00.145005133Z,2026-06-07T22:00:00.142126411Z,0,1,42140864,T,A,0,7369.250000000,2,0,13166,5431,ESM6
2026-06-07T22:00:00.145543684Z,2026-06-07T22:00:00.142152347Z,0,1,42140864,T,B,0,7369.500000000,2,0,12493,5433,ESM6
2026-06-07T22:00:00.147761035Z,2026-06-07T22:00:00.146452499Z,0,1,42140864,T,A,0,7369.500000000,1,0,13207,5463,ESM6
2026-06-07T22:00:00.149045889Z,2026-06-07T22:00:00.147968925Z,0,1,42140864,T,A,0,7369.250000000,1,0,12860,5472,ESM6
2026-06-07T22:00:00.152782014Z,2026-06-07T22:00:00.151794759Z,0,1,42140864,T,A,0,7369.000000000,1,0,13461,5475,ESM6
2026-06-07T22:00:00.154024900Z,2026-06-07T22:00:00.152788489Z,0,1,42140864,T,A,0,7369.000000000,1,0,13249,5480,ESM6
2026-06-07T22:00:00.154893251Z,2026-06-07T22:00:00.153202443Z,0,1,42140864,T,B,0,7369.250000000,1,0,12789,5483,ESM6
2026-06-07T22:00:00.156127401Z,2026-06-07T22:00:00.154942425Z,0,1,42140864,T,B,0,7369.250000000,2,0,12666,5490,ESM6
2026-06-07T22:00:00.156993506Z,2026-06-07T22:00:00.155254679Z,0,1,42140864,T,A,0,7369.000000000,2,0,12865,5493,ESM6
2026-06-07T22:00:00.157837475Z,2026-06-07T22:00:00.156054881Z,0,1,42140864,T,B,0,7369.000000000,1,0,12868,5496,ESM6
2026-06-07T22:00:00.164015636Z,2026-06-07T22:00:00.162868971Z,0,1,42140864,T,A,0,7369.000000000,1,0,12453,5526,ESM6
2026-06-07T22:00:00.175400028Z,2026-06-07T22:00:00.172838249Z,0,1,42140864,T,B,0,7369.250000000,2,0,13951,5549,ESM6
2026-06-07T22:00:00.213143379Z,2026-06-07T22:00:00.196598515Z,0,1,42140864,T,B,0,7369.500000000,6,0,13947,5562,ESM6
2026-06-07T22:00:00.213809969Z,2026-06-07T22:00:00.197096427Z,0,1,42140864,T,B,0,7369.500000000,1,0,12733,5564,ESM6
2026-06-07T22:00:00.214575951Z,2026-06-07T22:00:00.208354239Z,0,1,42140864,T,B,0,7369.500000000,1,0,14013,5566,ESM6
2026-06-07T22:00:00.215462119Z,2026-06-07T22:00:00.210893961Z,0,1,42140864,T,A,0,7369.250000000,1,0,12970,5568,ESM6
2026-06-07T22:00:00.217351742Z,2026-06-07T22:00:00.213985621Z,0,1,42140864,T,A,0,7369.500000000,2,0,13635,5586,ESM6
2026-06-07T22:00:00.218016700Z,2026-06-07T22:00:00.214670339Z,0,1,42140864,T,B,0,7369.750000000,4,0,13794,5588,ESM6
2026-06-07T22:00:00.218269551Z,2026-06-07T22:00:00.214673509Z,0,1,42140864,T,A,0,7369.500000000,1,0,12610,5590,ESM6
2026-06-07T22:00:00.218851990Z,2026-06-07T22:00:00.215388357Z,0,1,42140864,T,A,0,7369.500000000,1,0,13573,5592,ESM6
2026-06-07T22:00:00.219286770Z,2026-06-07T22:00:00.215388533Z,0,1,42140864,T,A,0,7369.500000000,1,0,12626,5594,ESM6
2026-06-07T22:00:00.220102057Z,2026-06-07T22:00:00.218028599Z,0,1,42140864,T,B,0,7369.750000000,1,0,63237,5602,ESM6
2026-06-07T22:00:00.220600596Z,2026-06-07T22:00:00.218033763Z,0,1,42140864,T,B,0,7369.750000000,2,0,12376,5604,ESM6
2026-06-07T22:00:00.221048068Z,2026-06-07T22:00:00.218220609Z,0,1,42140864,T,A,0,7369.500000000,2,0,13568,5606,ESM6
2026-06-07T22:00:00.221917092Z,2026-06-07T22:00:00.220219953Z,0,1,42140864,T,A,0,7369.500000000,1,0,13217,5613,ESM6
2026-06-07T22:00:00.223005828Z,2026-06-07T22:00:00.221966327Z,0,1,42140864,T,A,0,7369.500000000,1,0,13023,5631,ESM6
2026-06-07T22:00:00.223419299Z,2026-06-07T22:00:00.221972645Z,0,1,42140864,T,A,0,7369.500000000,1,0,12368,5633,ESM6
2026-06-07T22:00:00.224179943Z,2026-06-07T22:00:00.222169551Z,0,1,42140864,T,B,0,7369.500000000,1,0,13311,5639,ESM6
2026-06-07T22:00:00.225230455Z,2026-06-07T22:00:00.224346543Z,0,1,42140864,T,B,0,7369.500000000,1,0,12697,5656,ESM6
2026-06-07T22:00:00.225983958Z,2026-06-07T22:00:00.225133921Z,0,1,42140864,T,A,0,7369.500000000,1,0,12928,5660,ESM6
2026-06-07T22:00:00.226427110Z,2026-06-07T22:00:00.225212557Z,0,1,42140864,T,B,0,7369.500000000,1,0,12918,5662,ESM6
2026-06-07T22:00:00.227394336Z,2026-06-07T22:00:00.225259847Z,0,1,42140864,T,A,0,7369.500000000,1,0,12888,5664,ESM6
2026-06-07T22:00:00.229975718Z,2026-06-07T22:00:00.228993911Z,0,1,42140864,T,A,0,7369.250000000,4,0,12784,5684,ESM6
2026-06-07T22:00:00.234060228Z,2026-06-07T22:00:00.233121865Z,0,1,42140864,T,A,0,7369.000000000,4,0,12993,5699,ESM6
2026-06-07T22:00:00.234860961Z,2026-06-07T22:00:00.234063915Z,0,1,42140864,T,A,0,7369.000000000,1,0,12779,5702,ESM6
2026-06-07T22:00:00.235342375Z,2026-06-07T22:00:00.234075295Z,0,1,42140864,T,A,0,7369.000000000,1,0,12398,5704,ESM6
2026-06-07T22:00:00.236730291Z,2026-06-07T22:00:00.235706993Z,0,1,42140864,T,A,0,7368.750000000,2,0,12576,5711,ESM6
2026-06-07T22:00:00.237751543Z,2026-06-07T22:00:00.236680801Z,0,1,42140864,T,A,0,7368.750000000,1,0,12244,5714,ESM6
2026-06-07T22:00:00.238488574Z,2026-06-07T22:00:00.237723289Z,0,1,42140864,T,A,0,7368.750000000,1,0,12387,5717,ESM6
2026-06-07T22:00:00.239367599Z,2026-06-07T22:00:00.238462361Z,0,1,42140864,T,A,0,7368.750000000,1,0,13069,5719,ESM6
2026-06-07T22:00:00.239878484Z,2026-06-07T22:00:00.238502219Z,0,1,42140864,T,A,0,7368.750000000,2,0,12439,5721,ESM6
2026-06-07T22:00:00.240985096Z,2026-06-07T22:00:00.239903105Z,0,1,42140864,T,A,0,7368.500000000,3,0,12523,5727,ESM6
2026-06-07T22:00:00.256658718Z,2026-06-07T22:00:00.255518491Z,0,1,42140864,T,B,0,7368.500000000,8,0,12620,5779,ESM6
2026-06-07T22:00:00.257213607Z,2026-06-07T22:00:00.255645821Z,0,1,42140864,T,B,0,7368.500000000,5,0,12646,5781,ESM6
2026-06-07T22:00:00.257545615Z,2026-06-07T22:00:00.256611039Z,0,1,42140864,T,B,0,7368.250000000,1,0,12347,5783,ESM6
2026-06-07T22:00:00.258102060Z,2026-06-07T22:00:00.256667101Z,0,1,42140864,T,B,0,7368.500000000,1,0,12592,5785,ESM6
2026-06-07T22:00:00.259063814Z,2026-06-07T22:00:00.258227493Z,0,1,42140864,T,A,0,7368.500000000,1,0,12559,5799,ESM6
2026-06-07T22:00:00.271234099Z,2026-06-07T22:00:00.270419477Z,0,1,42140864,T,B,0,7368.750000000,1,0,12578,5811,ESM6
2026-06-07T22:00:00.271936666Z,2026-06-07T22:00:00.270419655Z,0,1,42140864,T,B,0,7368.750000000,1,0,13122,5813,ESM6
2026-06-07T22:00:00.272770345Z,2026-06-07T22:00:00.272027121Z,0,1,42140864,T,A,0,7368.750000000,1,0,12480,5821,ESM6
2026-06-07T22:00:00.273477751Z,2026-06-07T22:00:00.272749545Z,0,1,42140864,T,A,0,7368.750000000,1,0,12463,5827,ESM6
2026-06-07T22:00:00.274517089Z,2026-06-07T22:00:00.273497815Z,0,1,42140864,T,A,0,7368.500000000,4,0,12659,5832,ESM6
2026-06-07T22:00:00.287101540Z,2026-06-07T22:00:00.286030643Z,0,1,42140864,T,A,0,7368.250000000,2,0,12727,5858,ESM6
2026-06-07T22:00:00.289256295Z,2026-06-07T22:00:00.288376971Z,0,1,42140864,T,B,0,7368.250000000,1,0,12976,5874,ESM6
2026-06-07T22:00:00.291185583Z,2026-06-07T22:00:00.289688063Z,0,1,42140864,T,A,0,7368.250000000,3,0,12715,5886,ESM6
2026-06-07T22:00:00.297632627Z,2026-06-07T22:00:00.296786145Z,0,1,42140864,T,B,0,7368.750000000,1,0,13682,5915,ESM6
2026-06-07T22:00:00.304866329Z,2026-06-07T22:00:00.301731081Z,0,1,42140864,T,A,0,7368.750000000,4,0,19180,5941,ESM6
2026-06-07T22:00:00.304866329Z,2026-06-07T22:00:00.301731081Z,0,1,42140864,T,A,0,7368.500000000,6,0,19180,5941,ESM6
2026-06-07T22:00:00.304866329Z,2026-06-07T22:00:00.301731081Z,0,1,42140864,T,A,0,7368.250000000,4,0,19180,5941,ESM6
2026-06-07T22:00:00.306745009Z,2026-06-07T22:00:00.305435425Z,0,1,42140864,T,A,0,7368.500000000,2,0,12819,5961,ESM6
2026-06-07T22:00:00.322673036Z,2026-06-07T22:00:00.321673133Z,0,1,42140864,T,B,0,7369.000000000,1,0,12909,5990,ESM6
2026-06-07T22:00:00.325733876Z,2026-06-07T22:00:00.324787083Z,0,1,42140864,T,B,0,7369.250000000,1,0,13016,6008,ESM6
2026-06-07T22:00:00.326308617Z,2026-06-07T22:00:00.325230335Z,0,1,42140864,T,A,0,7369.000000000,1,0,12582,6010,ESM6
2026-06-07T22:00:00.326986380Z,2026-06-07T22:00:00.326154293Z,0,1,42140864,T,A,0,7369.000000000,1,0,12832,6012,ESM6
2026-06-07T22:00:00.329747273Z,2026-06-07T22:00:00.328071791Z,0,1,42140864,T,A,0,7368.750000000,3,0,12567,6043,ESM6
2026-06-07T22:00:00.337823697Z,2026-06-07T22:00:00.336900755Z,0,1,42140864,T,A,0,7368.500000000,2,0,12836,6067,ESM6
2026-06-07T22:00:00.339148678Z,2026-06-07T22:00:00.338153711Z,0,1,42140864,T,A,0,7368.250000000,2,0,12729,6080,ESM6
2026-06-07T22:00:00.344117225Z,2026-06-07T22:00:00.343213919Z,0,1,42140864,T,B,0,7368.250000000,3,0,12824,6104,ESM6
2026-06-07T22:00:00.345934833Z,2026-06-07T22:00:00.344916673Z,0,1,42140864,T,B,0,7368.500000000,6,0,13752,6109,ESM6
2026-06-07T22:00:00.347049123Z,2026-06-07T22:00:00.346173763Z,0,1,42140864,T,A,0,7368.500000000,1,0,12978,6128,ESM6
2026-06-07T22:00:00.347510801Z,2026-06-07T22:00:00.346191709Z,0,1,42140864,T,A,0,7368.250000000,2,0,13593,6130,ESM6
2026-06-07T22:00:00.349385679Z,2026-06-07T22:00:00.348664427Z,0,1,42140864,T,A,0,7368.250000000,1,0,12513,6144,ESM6
2026-06-07T22:00:00.350699985Z,2026-06-07T22:00:00.349998133Z,0,1,42140864,T,B,0,7368.500000000,1,0,12620,6156,ESM6
2026-06-07T22:00:00.351596867Z,2026-06-07T22:00:00.350862941Z,0,1,42140864,T,A,0,7368.500000000,1,0,12349,6164,ESM6
2026-06-07T22:00:00.372089611Z,2026-06-07T22:00:00.371182237Z,0,1,42140864,T,B,0,7368.500000000,1,0,12583,6192,ESM6
2026-06-07T22:00:00.378381007Z,2026-06-07T22:00:00.377549657Z,0,1,42140864,T,A,0,7368.250000000,1,0,12358,6203,ESM6
2026-06-07T22:00:00.380753371Z,2026-06-07T22:00:00.379547217Z,0,1,42140864,T,B,0,7368.250000000,5,0,12522,6214,ESM6
2026-06-07T22:00:00.381883942Z,2026-06-07T22:00:00.380783661Z,0,1,42140864,T,B,0,7368.500000000,1,0,13051,6218,ESM6
2026-06-07T22:00:00.382861631Z,2026-06-07T22:00:00.382052899Z,0,1,42140864,T,B,0,7368.750000000,1,0,12719,6232,ESM6
2026-06-07T22:00:00.385397505Z,2026-06-07T22:00:00.384707969Z,0,1,42140864,T,A,0,7368.750000000,1,0,12867,6253,ESM6
2026-06-07T22:00:00.392624803Z,2026-06-07T22:00:00.391951503Z,0,1,42140864,T,B,0,7368.750000000,1,0,12394,6264,ESM6
2026-06-07T22:00:00.393315678Z,2026-06-07T22:00:00.392610497Z,0,1,42140864,T,B,0,7368.750000000,1,0,12290,6266,ESM6
2026-06-07T22:00:00.399412819Z,2026-06-07T22:00:00.398282579Z,0,1,42140864,T,A,0,7368.500000000,9,0,13128,6270,ESM6
2026-06-07T22:00:00.400237244Z,2026-06-07T22:00:00.399634989Z,0,1,42140864,T,A,0,7368.250000000,1,0,13062,6278,ESM6
2026-06-07T22:00:00.430467527Z,2026-06-07T22:00:00.429748373Z,0,1,42140864,T,B,0,7368.500000000,1,0,12923,6321,ESM6
2026-06-07T22:00:00.447736318Z,2026-06-07T22:00:00.446958691Z,0,1,42140864,T,A,0,7368.500000000,1,0,12611,6347,ESM6
2026-06-07T22:00:00.466843815Z,2026-06-07T22:00:00.466035879Z,0,1,42140864,T,A,0,7368.250000000,3,0,12422,6366,ESM6
2026-06-07T22:00:00.467501495Z,2026-06-07T22:00:00.466850327Z,0,1,42140864,T,A,0,7368.000000000,1,0,12670,6371,ESM6
2026-06-07T22:00:00.468115595Z,2026-06-07T22:00:00.466852455Z,0,1,42140864,T,A,0,7368.000000000,35,0,12736,6373,ESM6
2026-06-07T22:00:00.468931726Z,2026-06-07T22:00:00.468121867Z,0,1,42140864,T,A,0,7367.750000000,2,0,12759,6389,ESM6
2026-06-07T22:00:00.478034910Z,2026-06-07T22:00:00.476999405Z,0,1,42140864,T,B,0,7367.750000000,1,0,13148,6438,ESM6
2026-06-07T22:00:00.491627265Z,2026-06-07T22:00:00.490846723Z,0,1,42140864,T,A,0,7367.500000000,1,0,12636,6448,ESM6
2026-06-07T22:00:00.492650053Z,2026-06-07T22:00:00.492010421Z,0,1,42140864,T,A,0,7367.500000000,1,0,12488,6454,ESM6
2026-06-07T22:00:00.497228823Z,2026-06-07T22:00:00.496594165Z,0,1,42140864,T,A,0,7367.500000000,3,0,13133,6457,ESM6
2026-06-07T22:00:00.502195931Z,2026-06-07T22:00:00.501433985Z,0,1,42140864,T,A,0,7367.250000000,1,0,12810,6492,ESM6
2026-06-07T22:00:00.572629459Z,2026-06-07T22:00:00.571640783Z,0,1,42140864,T,B,0,7367.000000000,7,0,12624,6557,ESM6
2026-06-07T22:00:00.590549823Z,2026-06-07T22:00:00.589835595Z,0,1,42140864,T,B,0,7367.500000000,1,0,12716,6577,ESM6
2026-06-07T22:00:00.591389934Z,2026-06-07T22:00:00.590748631Z,0,1,42140864,T,B,0,7367.500000000,1,0,12516,6587,ESM6
2026-06-07T22:00:00.606284556Z,2026-06-07T22:00:00.605611659Z,0,1,42140864,T,B,0,7368.000000000,1,0,12530,6614,ESM6
2026-06-07T22:00:00.607128909Z,2026-06-07T22:00:00.606293441Z,0,1,42140864,T,B,0,7368.000000000,2,0,12631,6623,ESM6
2026-06-07T22:00:00.607598439Z,2026-06-07T22:00:00.606487315Z,0,1,42140864,T,A,0,7367.750000000,2,0,12704,6625,ESM6
2026-06-07T22:00:00.608487852Z,2026-06-07T22:00:00.607740791Z,0,1,42140864,T,B,0,7368.000000000,1,0,12911,6644,ESM6
2026-06-07T22:00:00.609702515Z,2026-06-07T22:00:00.609037749Z,0,1,42140864,T,B,0,7368.000000000,1,0,12394,6655,ESM6
2026-06-07T22:00:00.625893589Z,2026-06-07T22:00:00.624615257Z,0,1,42140864,T,B,0,7368.250000000,6,0,12554,6660,ESM6
2026-06-07T22:00:00.627109251Z,2026-06-07T22:00:00.626005623Z,0,1,42140864,T,B,0,7368.500000000,2,0,12389,6671,ESM6
2026-06-07T22:00:00.663516812Z,2026-06-07T22:00:00.662661887Z,0,1,42140864,T,A,0,7368.250000000,1,0,13044,6736,ESM6
2026-06-07T22:00:00.666394314Z,2026-06-07T22:00:00.665773015Z,0,1,42140864,T,B,0,7368.500000000,2,0,13486,6743,ESM6
2026-06-07T22:00:00.682778382Z,2026-06-07T22:00:00.682109083Z,0,1,42140864,T,B,0,7368.750000000,2,0,12805,6757,ESM6
2026-06-07T22:00:00.683426828Z,2026-06-07T22:00:00.682789117Z,0,1,42140864,T,B,0,7368.750000000,1,0,13507,6761,ESM6
2026-06-07T22:00:00.687883454Z,2026-06-07T22:00:00.686896605Z,0,1,42140864,T,A,0,7368.500000000,5,0,13082,6799,ESM6
2026-06-07T22:00:00.700864935Z,2026-06-07T22:00:00.699999165Z,0,1,42140864,T,B,0,7368.750000000,7,0,14469,6818,ESM6
2026-06-07T22:00:00.734885887Z,2026-06-07T22:00:00.733971849Z,0,1,42140864,T,B,0,7369.250000000,5,0,12939,6846,ESM6
2026-06-07T22:00:00.735931868Z,2026-06-07T22:00:00.735324833Z,0,1,42140864,T,B,0,7369.250000000,1,0,13103,6861,ESM6
2026-06-07T22:00:00.736930657Z,2026-06-07T22:00:00.736188125Z,0,1,42140864,T,B,0,7369.250000000,1,0,13029,6868,ESM6
2026-06-07T22:00:00.737417524Z,2026-06-07T22:00:00.736229613Z,0,1,42140864,T,B,0,7369.250000000,1,0,12607,6870,ESM6
2026-06-07T22:00:00.738376534Z,2026-06-07T22:00:00.737741105Z,0,1,42140864,T,A,0,7369.000000000,1,0,18455,6876,ESM6
2026-06-07T22:00:00.739729679Z,2026-06-07T22:00:00.738969967Z,0,1,42140864,T,A,0,7368.500000000,4,0,13897,6896,ESM6
2026-06-07T22:00:00.740771187Z,2026-06-07T22:00:00.740091083Z,0,1,42140864,T,A,0,7368.500000000,4,0,12937,6921,ESM6
2026-06-07T22:00:00.744446719Z,2026-06-07T22:00:00.743858593Z,0,1,42140864,T,B,0,7368.750000000,1,0,13084,6942,ESM6
2026-06-07T22:00:00.788970582Z,2026-06-07T22:00:00.788276385Z,0,1,42140864,T,B,0,7368.250000000,2,0,13511,6980,ESM6
2026-06-07T22:00:00.789855655Z,2026-06-07T22:00:00.788995509Z,0,1,42140864,T,B,0,7368.250000000,1,0,12481,6996,ESM6
2026-06-07T22:00:00.790455074Z,2026-06-07T22:00:00.789709833Z,0,1,42140864,T,A,0,7368.000000000,1,0,13284,7002,ESM6
2026-06-07T22:00:00.791378558Z,2026-06-07T22:00:00.790641895Z,0,1,42140864,T,B,0,7368.250000000,1,0,12681,7018,ESM6
2026-06-07T22:00:00.823205616Z,2026-06-07T22:00:00.822283647Z,0,1,42140864,T,B,0,7368.000000000,2,0,13148,7070,ESM6
2026-06-07T22:00:00.823906694Z,2026-06-07T22:00:00.823208277Z,0,1,42140864,T,B,0,7368.000000000,2,0,12605,7072,ESM6
2026-06-07T22:00:00.842721214Z,2026-06-07T22:00:00.840668589Z,0,1,42140864,T,A,0,7368.000000000,2,0,14157,7100,ESM6
2026-06-07T22:00:00.842721214Z,2026-06-07T22:00:00.840668589Z,0,1,42140864,T,A,0,7367.750000000,6,0,14157,7100,ESM6
2026-06-07T22:00:00.842721214Z,2026-06-07T22:00:00.840668589Z,0,1,42140864,T,A,0,7367.500000000,7,0,14157,7100,ESM6
2026-06-07T22:00:00.842721214Z,2026-06-07T22:00:00.840668589Z,0,1,42140864,T,A,0,7367.250000000,5,0,14157,7100,ESM6
2026-06-07T22:00:00.842721214Z,2026-06-07T22:00:00.840668589Z,0,1,42140864,T,A,0,7367.000000000,5,0,14157,7100,ESM6
2026-06-07T22:00:00.844503879Z,2026-06-07T22:00:00.843801701Z,0,1,42140864,T,A,0,7367.500000000,1,0,67924,7137,ESM6
2026-06-07T22:00:00.852067057Z,2026-06-07T22:00:00.851249823Z,0,1,42140864,T,B,0,7367.750000000,5,0,13263,7153,ESM6
2026-06-07T22:00:00.852739867Z,2026-06-07T22:00:00.852044111Z,0,1,42140864,T,B,0,7367.750000000,1,0,12604,7162,ESM6
2026-06-07T22:00:00.871863990Z,2026-06-07T22:00:00.870420835Z,0,1,42140864,T,B,0,7368.000000000,2,0,13795,7180,ESM6
2026-06-07T22:00:00.871863990Z,2026-06-07T22:00:00.870420835Z,0,1,42140864,T,B,0,7368.250000000,8,0,13795,7180,ESM6
2026-06-07T22:00:00.871863990Z,2026-06-07T22:00:00.870420835Z,0,1,42140864,T,B,0,7368.500000000,7,0,13795,7180,ESM6
2026-06-07T22:00:00.873068670Z,2026-06-07T22:00:00.872464741Z,0,1,42140864,T,A,0,7368.500000000,1,0,12612,7204,ESM6
2026-06-07T22:00:00.994164876Z,2026-06-07T22:00:00.992951027Z,0,1,42140864,T,B,0,7368.750000000,1,0,13300,7265,ESM6
2026-06-07T22:00:01.005106923Z,2026-06-07T22:00:01.004277187Z,0,1,42140864,T,A,0,7368.000000000,10,0,12582,7288,ESM6
2026-06-07T22:00:01.005773915Z,2026-06-07T22:00:01.005130821Z,0,1,42140864,T,A,0,7368.000000000,1,0,12478,7292,ESM6
2026-06-07T22:00:01.007932324Z,2026-06-07T22:00:01.007390467Z,0,1,42140864,T,A,0,7367.750000000,3,0,12675,7300,ESM6
2026-06-07T22:00:01.008803479Z,2026-06-07T22:00:01.008281671Z,0,1,42140864,T,A,0,7367.750000000,1,0,12752,7305,ESM6
2026-06-07T22:00:01.009191990Z,2026-06-07T22:00:01.008283879Z,0,1,42140864,T,A,0,7367.750000000,1,0,12511,7307,ESM6
2026-06-07T22:00:01.009735897Z,2026-06-07T22:00:01.008811857Z,0,1,42140864,T,A,0,7367.750000000,2,0,13112,7309,ESM6
2026-06-07T22:00:01.010457626Z,2026-06-07T22:00:01.009781531Z,0,1,42140864,T,A,0,7367.750000000,1,0,12677,7312,ESM6
2026-06-07T22:00:01.011449484Z,2026-06-07T22:00:01.010469437Z,0,1,42140864,T,B,0,7368.000000000,1,0,12597,7315,ESM6
2026-06-07T22:00:01.011449484Z,2026-06-07T22:00:01.010469437Z,0,1,42140864,T,B,0,7368.250000000,2,0,12597,7315,ESM6
2026-06-07T22:00:01.037898927Z,2026-06-07T22:00:01.037172799Z,0,1,42140864,T,B,0,7368.250000000,1,0,12497,7353,ESM6
2026-06-07T22:00:01.113448329Z,2026-06-07T22:00:01.112682019Z,0,1,42140864,T,A,0,7368.250000000,1,0,12792,7468,ESM6
2026-06-07T22:00:01.138262055Z,2026-06-07T22:00:01.137580969Z,0,1,42140864,T,A,0,7368.000000000,1,0,13789,7494,ESM6
2026-06-07T22:00:01.162206220Z,2026-06-07T22:00:01.161605549Z,0,1,42140864,T,A,0,7368.000000000,1,0,12677,7509,ESM6
2026-06-07T22:00:01.171707017Z,2026-06-07T22:00:01.171133479Z,0,1,42140864,T,A,0,7368.000000000,1,0,12951,7523,ESM6
2026-06-07T22:00:01.210140284Z,2026-06-07T22:00:01.209489311Z,0,1,42140864,T,B,0,7368.250000000,8,0,12748,7541,ESM6
2026-06-07T22:00:01.212084335Z,2026-06-07T22:00:01.211466825Z,0,1,42140864,T,B,0,7368.750000000,1,0,12491,7562,ESM6
2026-06-07T22:00:01.220215975Z,2026-06-07T22:00:01.219684219Z,0,1,42140864,T,B,0,7368.750000000,1,0,12842,7577,ESM6
2026-06-07T22:00:01.228316110Z,2026-06-07T22:00:01.227532221Z,0,1,42140864,T,B,0,7369.000000000,1,0,12522,7587,ESM6
2026-06-07T22:00:01.228316110Z,2026-06-07T22:00:01.227532221Z,0,1,42140864,T,B,0,7369.250000000,1,0,12522,7587,ESM6
2026-06-07T22:00:01.234345114Z,2026-06-07T22:00:01.233799653Z,0,1,42140864,T,B,0,7369.250000000,1,0,12357,7601,ESM6
2026-06-07T22:00:01.236426286Z,2026-06-07T22:00:01.235892245Z,0,1,42140864,T,B,0,7369.500000000,2,0,12567,7623,ESM6
2026-06-07T22:00:01.242149065Z,2026-06-07T22:00:01.241563465Z,0,1,42140864,T,B,0,7369.500000000,2,0,12722,7634,ESM6
2026-06-07T22:00:01.248867524Z,2026-06-07T22:00:01.248346183Z,0,1,42140864,T,B,0,7369.500000000,1,0,12789,7640,ESM6
2026-06-07T22:00:01.249394134Z,2026-06-07T22:00:01.248876041Z,0,1,42140864,T,B,0,7369.500000000,1,0,12651,7642,ESM6
2026-06-07T22:00:01.250979164Z,2026-06-07T22:00:01.250379875Z,0,1,42140864,T,B,0,7369.500000000,3,0,12868,7647,ESM6
2026-06-07T22:00:01.251569668Z,2026-06-07T22:00:01.250987623Z,0,1,42140864,T,B,0,7369.500000000,1,0,12644,7649,ESM6
2026-06-07T22:00:01.257794022Z,2026-06-07T22:00:01.256751575Z,0,1,42140864,T,A,0,7369.000000000,3,0,12815,7654,ESM6
2026-06-07T22:00:01.258192631Z,2026-06-07T22:00:01.257277959Z,0,1,42140864,T,A,0,7368.750000000,3,0,12687,7656,ESM6
2026-06-07T22:00:01.258192631Z,2026-06-07T22:00:01.257277959Z,0,1,42140864,T,A,0,7368.000000000,1,0,12687,7656,ESM6
2026-06-07T22:00:01.258531551Z,2026-06-07T22:00:01.257812061Z,0,1,42140864,T,B,0,7369.500000000,2,0,12379,7658,ESM6
2026-06-07T22:00:01.259471860Z,2026-06-07T22:00:01.258555529Z,0,1,42140864,T,B,0,7369.250000000,2,0,13040,7663,ESM6
2026-06-07T22:00:01.259900958Z,2026-06-07T22:00:01.259055417Z,0,1,42140864,T,A,0,7369.000000000,1,0,12634,7667,ESM6
2026-06-07T22:00:01.261428182Z,2026-06-07T22:00:01.260754103Z,0,1,42140864,T,B,0,7369.500000000,3,0,12454,7675,ESM6
2026-06-07T22:00:01.263037824Z,2026-06-07T22:00:01.262415845Z,0,1,42140864,T,B,0,7369.500000000,2,0,13084,7683,ESM6
2026-06-07T22:00:01.264722863Z,2026-06-07T22:00:01.264111555Z,0,1,42140864,T,B,0,7369.500000000,2,0,12682,7687,ESM6
2026-06-07T22:00:01.284595574Z,2026-06-07T22:00:01.282600059Z,0,1,42140864,T,B,0,7369.500000000,3,0,15201,7700,ESM6
2026-06-07T22:00:01.285757939Z,2026-06-07T22:00:01.284629141Z,0,1,42140864,T,B,0,7369.750000000,3,0,12633,7708,ESM6
2026-06-07T22:00:01.286079542Z,2026-06-07T22:00:01.284647437Z,0,1,42140870,T,B,0,7430.000000000,1,0,12787,7710,ESU6
2026-06-07T22:00:01.286746035Z,2026-06-07T22:00:01.286151787Z,0,1,42140864,T,B,0,7369.500000000,2,0,13612,7728,ESM6
2026-06-07T22:00:01.288753905Z,2026-06-07T22:00:01.288189261Z,0,1,42140864,T,B,0,7369.500000000,2,0,12543,7739,ESM6
2026-06-07T22:00:01.289323116Z,2026-06-07T22:00:01.288762355Z,0,1,42140864,T,B,0,7369.500000000,1,0,12666,7741,ESM6
2026-06-07T22:00:01.297079377Z,2026-06-07T22:00:01.296478575Z,0,1,42140864,T,B,0,7369.500000000,3,0,13516,7750,ESM6
2026-06-07T22:00:01.298713078Z,2026-06-07T22:00:01.298101037Z,0,1,42140864,T,B,0,7369.500000000,2,0,13151,7759,ESM6
2026-06-07T22:00:01.300307977Z,2026-06-07T22:00:01.299736845Z,0,1,42140864,T,B,0,7369.500000000,2,0,12969,7766,ESM6
2026-06-07T22:00:01.309111620Z,2026-06-07T22:00:01.308512875Z,0,1,42140864,T,B,0,7369.500000000,2,0,13057,7777,ESM6
2026-06-07T22:00:01.309751312Z,2026-06-07T22:00:01.309124869Z,0,1,42140864,T,B,0,7369.500000000,1,0,13488,7779,ESM6
2026-06-07T22:00:01.310108279Z,2026-06-07T22:00:01.309129553Z,0,1,42140864,T,B,0,7369.500000000,1,0,12410,7781,ESM6
2026-06-07T22:00:01.310458294Z,2026-06-07T22:00:01.309244249Z,0,1,42140864,T,A,0,7369.250000000,1,0,12760,7783,ESM6
2026-06-07T22:00:01.310896609Z,2026-06-07T22:00:01.309947667Z,0,1,42140864,T,B,0,7369.500000000,1,0,12717,7785,ESM6
2026-06-07T22:00:01.312101327Z,2026-06-07T22:00:01.311513225Z,0,1,42140864,T,B,0,7369.500000000,1,0,13130,7789,ESM6
2026-06-07T22:00:01.312653932Z,2026-06-07T22:00:01.311803843Z,0,1,42140864,T,B,0,7369.750000000,1,0,13028,7793,ESM6
2026-06-07T22:00:01.313583835Z,2026-06-07T22:00:01.312680937Z,0,1,42140864,T,B,0,7370.000000000,4,0,12619,7803,ESM6
2026-06-07T22:00:01.314248678Z,2026-06-07T22:00:01.312978313Z,0,1,42140864,T,A,0,7369.750000000,2,0,13098,7810,ESM6
2026-06-07T22:00:01.316458328Z,2026-06-07T22:00:01.315115871Z,0,1,42140864,T,A,0,7369.750000000,6,0,12725,7824,ESM6
2026-06-07T22:00:01.316458328Z,2026-06-07T22:00:01.315115871Z,0,1,42140864,T,A,0,7369.500000000,4,0,12725,7824,ESM6
2026-06-07T22:00:01.318185873Z,2026-06-07T22:00:01.317238203Z,0,1,42140864,T,A,0,7369.000000000,4,0,12602,7850,ESM6
2026-06-07T22:00:01.320543300Z,2026-06-07T22:00:01.319273621Z,0,1,42140864,T,B,0,7369.250000000,2,0,13349,7876,ESM6
2026-06-07T22:00:01.320543300Z,2026-06-07T22:00:01.319273621Z,0,1,42140864,T,B,0,7369.500000000,4,0,13349,7876,ESM6
2026-06-07T22:00:01.323288295Z,2026-06-07T22:00:01.322576069Z,0,1,42140864,T,B,0,7369.500000000,1,0,12582,7892,ESM6
2026-06-07T22:00:01.323662158Z,2026-06-07T22:00:01.322676871Z,0,1,42140864,T,B,0,7369.500000000,1,0,12812,7894,ESM6
2026-06-07T22:00:01.329358135Z,2026-06-07T22:00:01.328601553Z,0,1,42140864,T,B,0,7369.500000000,2,0,13046,7914,ESM6
2026-06-07T22:00:01.330995695Z,2026-06-07T22:00:01.330221829Z,0,1,42140864,T,A,0,7369.750000000,2,0,13252,7928,ESM6
2026-06-07T22:00:01.332624462Z,2026-06-07T22:00:01.331872975Z,0,1,42140864,T,A,0,7369.750000000,1,0,13332,7932,ESM6
2026-06-07T22:00:01.332624462Z,2026-06-07T22:00:01.331872975Z,0,1,42140864,T,A,0,7369.500000000,1,0,13332,7932,ESM6
2026-06-07T22:00:01.334343406Z,2026-06-07T22:00:01.333749961Z,0,1,42140864,T,A,0,7369.500000000,2,0,13573,7937,ESM6
2026-06-07T22:00:01.336104491Z,2026-06-07T22:00:01.335563245Z,0,1,42140864,T,B,0,7369.500000000,2,0,12585,7945,ESM6
2026-06-07T22:00:01.337586423Z,2026-06-07T22:00:01.337013397Z,0,1,42140864,T,A,0,7369.500000000,1,0,12623,7955,ESM6
2026-06-07T22:00:01.366721614Z,2026-06-07T22:00:01.365944283Z,0,1,42140864,T,B,0,7369.500000000,2,0,12968,7977,ESM6
2026-06-07T22:00:01.388455783Z,2026-06-07T22:00:01.387727959Z,0,1,42140864,T,B,0,7369.500000000,2,0,13361,8071,ESM6
2026-06-07T22:00:01.390570649Z,2026-06-07T22:00:01.389627735Z,0,1,42140864,T,B,0,7369.500000000,2,0,13099,8080,ESM6
2026-06-07T22:00:01.392206921Z,2026-06-07T22:00:01.391639671Z,0,1,42140864,T,B,0,7369.500000000,2,0,12692,8088,ESM6
2026-06-07T22:00:01.431226026Z,2026-06-07T22:00:01.430597033Z,0,1,42140864,T,A,0,7369.250000000,2,0,12957,8100,ESM6
2026-06-07T22:00:01.431788383Z,2026-06-07T22:00:01.431249017Z,0,1,42140864,T,B,0,7369.500000000,2,0,12895,8104,ESM6
2026-06-07T22:00:01.434898526Z,2026-06-07T22:00:01.434349701Z,0,1,42140864,T,B,0,7369.500000000,1,0,13071,8125,ESM6
2026-06-07T22:00:01.518367458Z,2026-06-07T22:00:01.517471907Z,0,1,42140864,T,B,0,7369.750000000,1,0,12827,8179,ESM6
2026-06-07T22:00:01.519074500Z,2026-06-07T22:00:01.518375957Z,0,1,42140864,T,B,0,7369.750000000,1,0,12836,8181,ESM6
2026-06-07T22:00:01.548875646Z,2026-06-07T22:00:01.547966143Z,0,1,42140864,T,B,0,7369.750000000,1,0,13143,8189,ESM6
2026-06-07T22:00:01.549747825Z,2026-06-07T22:00:01.548884287Z,0,1,42140864,T,B,0,7369.750000000,1,0,13737,8193,ESM6
2026-06-07T22:00:01.552637536Z,2026-06-07T22:00:01.551835467Z,0,1,42140864,T,B,0,7370.000000000,2,0,13127,8203,ESM6
2026-06-07T22:00:01.578474800Z,2026-06-07T22:00:01.577751913Z,0,1,42140864,T,A,0,7369.500000000,1,0,14103,8213,ESM6
2026-06-07T22:00:01.589898799Z,2026-06-07T22:00:01.589107831Z,0,1,42140864,T,A,0,7369.750000000,1,0,13485,8219,ESM6
2026-06-07T22:00:01.625356989Z,2026-06-07T22:00:01.623721401Z,0,1,42140864,T,B,0,7370.250000000,1,0,13169,8249,ESM6
2026-06-07T22:00:01.626142535Z,2026-06-07T22:00:01.624560193Z,0,1,42140864,T,A,0,7369.750000000,1,0,14831,8250,ESM6
2026-06-07T22:00:01.626427083Z,2026-06-07T22:00:01.624765165Z,0,1,42140864,T,A,0,7369.750000000,1,0,13747,8251,ESM6
2026-06-07T22:00:01.626848041Z,2026-06-07T22:00:01.625365523Z,0,1,42140864,T,B,0,7370.250000000,27,0,14677,8252,ESM6
2026-06-07T22:00:01.654117531Z,2026-06-07T22:00:01.653355669Z,0,1,42140864,T,B,0,7370.250000000,3,0,13184,8287,ESM6
2026-06-07T22:00:01.654117531Z,2026-06-07T22:00:01.653355669Z,0,1,42140864,T,B,0,7370.500000000,4,0,13184,8287,ESM6
2026-06-07T22:00:01.654862203Z,2026-06-07T22:00:01.654126363Z,0,1,42140864,T,B,0,7370.250000000,2,0,13076,8291,ESM6
2026-06-07T22:00:01.654862203Z,2026-06-07T22:00:01.654126363Z,0,1,42140864,T,B,0,7370.500000000,34,0,13076,8291,ESM6
2026-06-07T22:00:01.655348743Z,2026-06-07T22:00:01.654156851Z,0,1,42140864,T,A,0,7370.250000000,1,0,12552,8293,ESM6
2026-06-07T22:00:01.655348743Z,2026-06-07T22:00:01.654156851Z,0,1,42140864,T,A,0,7370.000000000,3,0,12552,8293,ESM6
2026-06-07T22:00:01.655824532Z,2026-06-07T22:00:01.654886189Z,0,1,42140864,T,B,0,7370.250000000,1,0,12695,8299,ESM6
2026-06-07T22:00:01.656157731Z,2026-06-07T22:00:01.654905561Z,0,1,42140864,T,B,0,7370.500000000,96,0,12588,8301,ESM6
2026-06-07T22:00:01.657417262Z,2026-06-07T22:00:01.656891445Z,0,1,42140864,T,B,0,7370.750000000,1,0,12931,8328,ESM6
2026-06-07T22:00:01.671507772Z,2026-06-07T22:00:01.670851615Z,0,1,42140864,T,A,0,7370.750000000,1,0,77439,8351,ESM6
2026-06-07T22:00:01.671701491Z,2026-06-07T22:00:01.670853017Z,0,1,42140864,T,B,0,7371.000000000,8,0,13157,8353,ESM6
2026-06-07T22:00:01.672314226Z,2026-06-07T22:00:01.671758851Z,0,1,42140864,T,B,0,7371.000000000,2,0,12754,8360,ESM6
2026-06-07T22:00:01.672841259Z,2026-06-07T22:00:01.672349457Z,0,1,42140864,T,B,0,7371.000000000,1,0,12520,8364,ESM6
2026-06-07T22:00:01.673483349Z,2026-06-07T22:00:01.672869447Z,0,1,42140864,T,B,0,7371.250000000,1,0,12514,8372,ESM6
2026-06-07T22:00:01.675052753Z,2026-06-07T22:00:01.673996725Z,0,1,42140864,T,A,0,7371.250000000,1,0,13349,8399,ESM6
2026-06-07T22:00:01.675052753Z,2026-06-07T22:00:01.673996725Z,0,1,42140864,T,A,0,7371.000000000,4,0,13349,8399,ESM6
2026-06-07T22:00:01.675052753Z,2026-06-07T22:00:01.673996725Z,0,1,42140864,T,A,0,7370.750000000,2,0,13349,8399,ESM6
2026-06-07T22:00:01.746374403Z,2026-06-07T22:00:01.745712077Z,0,1,42140864,T,A,0,7371.000000000,1,0,13370,8455,ESM6
2026-06-07T22:00:01.756333479Z,2026-06-07T22:00:01.755643687Z,0,1,42140864,T,B,0,7371.500000000,7,0,13013,8464,ESM6
2026-06-07T22:00:01.767368124Z,2026-06-07T22:00:01.766423267Z,0,1,42140864,T,A,0,7371.500000000,1,0,12794,8509,ESM6
2026-06-07T22:00:01.767368124Z,2026-06-07T22:00:01.766423267Z,0,1,42140864,T,A,0,7371.250000000,2,0,12794,8509,ESM6
2026-06-07T22:00:01.767368124Z,2026-06-07T22:00:01.766423267Z,0,1,42140864,T,A,0,7371.000000000,5,0,12794,8509,ESM6
2026-06-07T22:00:01.773312345Z,2026-06-07T22:00:01.771504019Z,0,1,42140864,T,B,0,7371.750000000,3,0,13210,8523,ESM6
2026-06-07T22:00:01.773312345Z,2026-06-07T22:00:01.771504019Z,0,1,42140864,T,B,0,7372.000000000,3,0,13210,8523,ESM6
2026-06-07T22:00:01.773312345Z,2026-06-07T22:00:01.771504019Z,0,1,42140864,T,B,0,7372.250000000,1,0,13210,8523,ESM6
2026-06-07T22:00:01.773330046Z,2026-06-07T22:00:01.771504019Z,0,1,42140864,T,B,0,7372.250000000,1,0,14531,8524,ESM6
2026-06-07T22:00:01.773330046Z,2026-06-07T22:00:01.771504019Z,0,1,42140864,T,B,0,7372.250000000,1,0,14531,8524,ESM6
2026-06-07T22:00:01.967807981Z,2026-06-07T22:00:01.966481105Z,0,1,42140864,T,B,0,7371.750000000,3,0,13244,8728,ESM6
2026-06-07T22:00:02.077108317Z,2026-06-07T22:00:02.075877803Z,0,1,42140864,T,A,0,7371.500000000,2,0,12973,9041,ESM6
2026-06-07T22:00:02.077108317Z,2026-06-07T22:00:02.075877803Z,0,1,42140864,T,A,0,7371.250000000,1,0,12973,9041,ESM6
2026-06-07T22:00:02.138614582Z,2026-06-07T22:00:02.137936475Z,0,1,42140864,T,B,0,7371.750000000,1,0,12620,9085,ESM6
2026-06-07T22:00:02.201431485Z,2026-06-07T22:00:02.200755069Z,0,1,42140864,T,B,0,7372.250000000,2,0,12446,9200,ESM6
2026-06-07T22:00:02.203115775Z,2026-06-07T22:00:02.202598361Z,0,1,42140864,T,A,0,7372.250000000,1,0,12596,9219,ESM6
2026-06-07T22:00:02.226880087Z,2026-06-07T22:00:02.225435109Z,0,1,42140864,T,B,0,7372.500000000,1,0,12776,9254,ESM6
2026-06-07T22:00:02.226896048Z,2026-06-07T22:00:02.225435109Z,0,1,42140864,T,B,0,7372.500000000,2,0,13552,9255,ESM6
2026-06-07T22:00:02.226896048Z,2026-06-07T22:00:02.225435109Z,0,1,42140864,T,B,0,7372.750000000,1,0,13552,9255,ESM6
2026-06-07T22:00:02.226896048Z,2026-06-07T22:00:02.225435109Z,0,1,42140864,T,B,0,7372.750000000,1,0,13552,9255,ESM6
2026-06-07T22:00:02.226896048Z,2026-06-07T22:00:02.225435109Z,0,1,42140864,T,B,0,7373.000000000,1,0,13552,9255,ESM6
2026-06-07T22:00:02.267176274Z,2026-06-07T22:00:02.266530161Z,0,1,42140864,T,A,0,7373.250000000,1,0,12425,9364,ESM6
2026-06-07T22:00:02.289358358Z,2026-06-07T22:00:02.288701465Z,0,1,42140864,T,B,0,7373.500000000,1,0,18064,9371,ESM6
2026-06-07T22:00:02.292157207Z,2026-06-07T22:00:02.291575771Z,0,1,42140864,T,B,0,7373.500000000,1,0,12533,9373,ESM6
2026-06-07T22:00:02.376686721Z,2026-06-07T22:00:02.376026633Z,0,1,42140864,T,B,0,7374.000000000,3,0,13219,9424,ESM6
2026-06-07T22:00:02.394721456Z,2026-06-07T22:00:02.394039305Z,0,1,42140864,T,A,0,7373.500000000,1,0,12586,9442,ESM6
2026-06-07T22:00:02.509340406Z,2026-06-07T22:00:02.508709819Z,0,1,42140864,T,B,0,7374.000000000,1,0,12621,9470,ESM6
2026-06-07T22:00:02.509896966Z,2026-06-07T22:00:02.509346827Z,0,1,42140864,T,B,0,7374.000000000,1,0,12555,9472,ESM6
2026-06-07T22:00:02.528439763Z,2026-06-07T22:00:02.527925027Z,0,1,42140864,T,B,0,7374.000000000,1,0,12697,9476,ESM6
2026-06-07T22:00:02.529008071Z,2026-06-07T22:00:02.528446265Z,0,1,42140864,T,B,0,7374.000000000,4,0,13698,9478,ESM6
2026-06-07T22:00:02.543227004Z,2026-06-07T22:00:02.542651839Z,0,1,42140864,T,A,0,7374.000000000,1,0,12546,9530,ESM6
2026-06-07T22:00:02.599402317Z,2026-06-07T22:00:02.598679191Z,0,1,42140864,T,B,0,7374.750000000,1,0,12385,9551,ESM6
2026-06-07T22:00:02.600480513Z,2026-06-07T22:00:02.599837975Z,0,1,42140864,T,B,0,7374.750000000,1,0,12339,9562,ESM6
2026-06-07T22:00:02.815870823Z,2026-06-07T22:00:02.814493871Z,0,1,42140864,T,B,0,7375.000000000,2,0,13189,9641,ESM6
2026-06-07T22:00:02.815877869Z,2026-06-07T22:00:02.814493871Z,0,1,42140864,T,B,0,7375.000000000,2,0,11550,9642,ESM6
2026-06-07T22:00:02.815877869Z,2026-06-07T22:00:02.814493871Z,0,1,42140864,T,B,0,7375.000000000,1,0,11550,9642,ESM6
2026-06-07T22:00:02.816802838Z,2026-06-07T22:00:02.816028115Z,0,1,42140864,T,B,0,7375.000000000,1,0,13871,9658,ESM6
2026-06-07T22:00:02.817380055Z,2026-06-07T22:00:02.816805987Z,0,1,42140870,T,B,0,7435.750000000,2,0,12763,9660,ESU6
2026-06-07T22:00:02.818095007Z,2026-06-07T22:00:02.817438121Z,0,1,42140870,T,B,0,7435.750000000,1,0,12581,9679,ESU6
2026-06-07T22:00:02.837473614Z,2026-06-07T22:00:02.836563977Z,0,1,42140864,T,B,0,7375.500000000,1,0,12618,9714,ESM6
2026-06-07T22:00:02.837479854Z,2026-06-07T22:00:02.836563977Z,0,1,42140864,T,B,0,7375.500000000,1,0,11746,9715,ESM6
2026-06-07T22:00:02.845465293Z,2026-06-07T22:00:02.844650855Z,0,1,42140870,T,B,0,7437.750000000,1,0,12732,9728,ESU6
2026-06-07T22:00:02.845465293Z,2026-06-07T22:00:02.844650855Z,0,1,42140870,T,B,0,7438.000000000,1,0,12732,9728,ESU6
2026-06-07T22:00:02.845949627Z,2026-06-07T22:00:02.845405613Z,0,1,42140864,T,B,0,7375.500000000,1,0,13009,9730,ESM6
2026-06-07T22:00:02.852759966Z,2026-06-07T22:00:02.845408609Z,0,1,42004810,T,B,0,61.550000000,1,0,12734,9732,ESM6-ESU6
2026-06-07T22:00:02.852828877Z,2026-06-07T22:00:02.845453707Z,0,1,42140864,T,B,0,7375.500000000,1,0,12057,9733,ESM6
2026-06-07T22:00:02.853177647Z,2026-06-07T22:00:02.845456875Z,0,1,42004810,T,B,0,61.550000000,1,0,12534,9734,ESM6-ESU6
2026-06-07T22:00:02.854103460Z,2026-06-07T22:00:02.853302151Z,0,1,42140864,T,A,0,7375.250000000,2,0,13194,9746,ESM6
2026-06-07T22:00:02.909885960Z,2026-06-07T22:00:02.907893501Z,0,1,42140864,T,A,0,7375.000000000,1,0,12719,9764,ESM6
2026-06-07T22:00:02.975907459Z,2026-06-07T22:00:02.975199303Z,0,1,42140864,T,B,0,7375.500000000,2,0,13203,9784,ESM6
2026-06-07T22:00:03.031818284Z,2026-06-07T22:00:03.031157367Z,0,1,42140864,T,A,0,7375.000000000,1,0,12949,9846,ESM6
2026-06-07T22:00:03.123696379Z,2026-06-07T22:00:03.123145955Z,0,1,42140864,T,A,0,7375.250000000,1,0,12788,9992,ESM6
2026-06-07T22:00:03.193017107Z,2026-06-07T22:00:03.192388337Z,0,1,42140864,T,A,0,7375.000000000,1,0,12404,10011,ESM6
2026-06-07T22:00:03.282297211Z,2026-06-07T22:00:03.281583619Z,0,1,42140864,T,A,0,7375.000000000,4,0,12532,10066,ESM6
2026-06-07T22:00:03.282922299Z,2026-06-07T22:00:03.282305681Z,0,1,42140864,T,A,0,7375.000000000,3,0,13596,10068,ESM6
2026-06-07T22:00:03.431300562Z,2026-06-07T22:00:03.430644129Z,0,1,42140864,T,A,0,7375.000000000,1,0,12824,10139,ESM6
2026-06-07T22:00:03.503807446Z,2026-06-07T22:00:03.503068061Z,0,1,42140864,T,A,0,7375.000000000,5,0,12654,10187,ESM6
2026-06-07T22:00:03.504761118Z,2026-06-07T22:00:03.504156999Z,0,1,42140864,T,A,0,7374.750000000,2,0,12845,10204,ESM6
2026-06-07T22:00:03.506058452Z,2026-06-07T22:00:03.505294529Z,0,1,42140864,T,A,0,7374.500000000,4,0,12914,10228,ESM6
2026-06-07T22:00:03.507186124Z,2026-06-07T22:00:03.506310819Z,0,1,42140864,T,B,0,7374.500000000,1,0,12464,10248,ESM6
2026-06-07T22:00:03.507805964Z,2026-06-07T22:00:03.506647381Z,0,1,42140864,T,A,0,7374.250000000,1,0,12337,10254,ESM6
2026-06-07T22:00:03.517713627Z,2026-06-07T22:00:03.516746311Z,0,1,42140864,T,A,0,7374.000000000,4,0,13249,10275,ESM6
2026-06-07T22:00:03.589326068Z,2026-06-07T22:00:03.588384557Z,0,1,42140864,T,B,0,7374.000000000,7,0,12729,10356,ESM6
2026-06-07T22:00:03.630557129Z,2026-06-07T22:00:03.629899727Z,0,1,42140864,T,B,0,7374.250000000,2,0,12652,10399,ESM6
2026-06-07T22:00:03.705856009Z,2026-06-07T22:00:03.705102717Z,0,1,42140864,T,B,0,7374.500000000,1,0,12312,10619,ESM6
2026-06-07T22:00:03.805224439Z,2026-06-07T22:00:03.804258485Z,0,1,42140864,T,B,0,7374.250000000,2,0,12857,10663,ESM6
2026-06-07T22:00:03.805224439Z,2026-06-07T22:00:03.804258485Z,0,1,42140864,T,B,0,7374.500000000,2,0,12857,10663,ESM6
2026-06-07T22:00:03.821735252Z,2026-06-07T22:00:03.821119861Z,0,1,42140864,T,A,0,7374.000000000,1,0,12895,10704,ESM6
2026-06-07T22:00:03.823091566Z,2026-06-07T22:00:03.822128507Z,0,1,42140864,T,B,0,7375.250000000,1,0,12658,10716,ESM6
2026-06-07T22:00:03.823091566Z,2026-06-07T22:00:03.822128507Z,0,1,42140864,T,B,0,7375.500000000,2,0,12658,10716,ESM6
2026-06-07T22:00:03.823091566Z,2026-06-07T22:00:03.822128507Z,0,1,42140864,T,B,0,7375.750000000,1,0,12658,10716,ESM6
2026-06-07T22:00:03.872822521Z,2026-06-07T22:00:03.872270991Z,0,1,42140864,T,A,0,7374.750000000,1,0,12718,10796,ESM6
2026-06-07T22:00:03.873570303Z,2026-06-07T22:00:03.872847427Z,0,1,42140864,T,A,0,7375.000000000,1,0,13650,10801,ESM6
2026-06-07T22:00:03.895386068Z,2026-06-07T22:00:03.894689637Z,0,1,42140864,T,B,0,7375.500000000,1,0,12284,11006,ESM6
2026-06-07T22:00:03.896313841Z,2026-06-07T22:00:03.895697729Z,0,1,42140864,T,A,0,7375.000000000,1,0,12348,11015,ESM6
2026-06-07T22:00:04.007608830Z,2026-06-07T22:00:04.006225543Z,0,1,42140864,T,A,0,7374.500000000,1,0,12545,11075,ESM6
2026-06-07T22:00:04.007608830Z,2026-06-07T22:00:04.006225543Z,0,1,42140864,T,A,0,7374.250000000,1,0,12545,11075,ESM6
2026-06-07T22:00:04.020560492Z,2026-06-07T22:00:04.019499227Z,0,1,42140864,T,B,0,7374.500000000,3,0,12656,11112,ESM6
2026-06-07T22:00:04.020560492Z,2026-06-07T22:00:04.019499227Z,0,1,42140864,T,B,0,7374.750000000,2,0,12656,11112,ESM6
2026-06-07T22:00:04.021182980Z,2026-06-07T22:00:04.020579045Z,0,1,42140864,T,A,0,7374.500000000,11,0,12788,11117,ESM6
2026-06-07T22:00:04.053221439Z,2026-06-07T22:00:04.051955501Z,0,1,42140864,T,B,0,7374.500000000,3,0,12694,11180,ESM6
2026-06-07T22:00:04.064870910Z,2026-06-07T22:00:04.063988481Z,0,1,42140864,T,A,0,7374.500000000,1,0,12344,11213,ESM6
2026-06-07T22:00:04.065614391Z,2026-06-07T22:00:04.064414989Z,0,1,42140864,T,B,0,7374.750000000,2,0,12474,11215,ESM6
2026-06-07T22:00:04.065948012Z,2026-06-07T22:00:04.064877363Z,0,1,42140864,T,A,0,7374.500000000,3,0,13125,11217,ESM6
2026-06-07T22:00:04.111873259Z,2026-06-07T22:00:04.111100951Z,0,1,42140864,T,A,0,7374.500000000,4,0,12532,11232,ESM6
2026-06-07T22:00:04.132554818Z,2026-06-07T22:00:04.131687385Z,0,1,42140864,T,B,0,7374.500000000,4,0,12635,11260,ESM6
2026-06-07T22:00:04.351961575Z,2026-06-07T22:00:04.351216641Z,0,1,42140864,T,B,0,7374.750000000,2,0,12756,11351,ESM6
2026-06-07T22:00:04.375366880Z,2026-06-07T22:00:04.374218157Z,0,1,42140864,T,A,0,7374.500000000,1,0,12786,11360,ESM6
2026-06-07T22:00:04.375366880Z,2026-06-07T22:00:04.374218157Z,0,1,42140864,T,A,0,7374.250000000,2,0,12786,11360,ESM6
2026-06-07T22:00:04.375366880Z,2026-06-07T22:00:04.374218157Z,0,1,42140864,T,A,0,7374.000000000,9,0,12786,11360,ESM6
2026-06-07T22:00:04.390761769Z,2026-06-07T22:00:04.390200767Z,0,1,42140864,T,B,0,7374.500000000,2,0,12147,11402,ESM6
2026-06-07T22:00:04.576389553Z,2026-06-07T22:00:04.575775005Z,0,1,42140864,T,B,0,7374.750000000,1,0,14073,11429,ESM6
2026-06-07T22:00:04.587087542Z,2026-06-07T22:00:04.586622145Z,0,1,42140864,T,B,0,7374.750000000,2,0,12362,11443,ESM6
2026-06-07T22:00:04.601815075Z,2026-06-07T22:00:04.601266861Z,0,1,42140864,T,A,0,7374.500000000,2,0,12861,11451,ESM6
2026-06-07T22:00:04.643649195Z,2026-06-07T22:00:04.643029777Z,0,1,42140864,T,A,0,7374.250000000,2,0,12654,11460,ESM6
2026-06-07T22:00:04.713228343Z,2026-06-07T22:00:04.712551199Z,0,1,42140864,T,B,0,7374.750000000,1,0,12537,11489,ESM6
2026-06-07T22:00:04.797727284Z,2026-06-07T22:00:04.797199161Z,0,1,42140864,T,A,0,7374.250000000,1,0,12492,11507,ESM6
2026-06-07T22:00:04.941037003Z,2026-06-07T22:00:04.940290689Z,0,1,42140864,T,B,0,7374.500000000,6,0,12788,11561,ESM6
2026-06-07T22:00:05.020598271Z,2026-06-07T22:00:05.020049681Z,0,1,42140864,T,B,0,7374.500000000,2,0,12401,11589,ESM6
2026-06-07T22:00:05.021869706Z,2026-06-07T22:00:05.021344915Z,0,1,42140864,T,A,0,7374.500000000,1,0,11824,11608,ESM6
2026-06-07T22:00:05.273075401Z,2026-06-07T22:00:05.272419083Z,0,1,42140864,T,A,0,7374.500000000,2,0,12486,11646,ESM6
2026-06-07T22:00:05.346574819Z,2026-06-07T22:00:05.346023707Z,0,1,42140864,T,B,0,7374.500000000,2,0,12529,11703,ESM6
2026-06-07T22:00:05.512252778Z,2026-06-07T22:00:05.511640401Z,0,1,42140864,T,B,0,7374.500000000,1,0,12411,11730,ESM6
2026-06-07T22:00:05.639141483Z,2026-06-07T22:00:05.638525227Z,0,1,42140864,T,A,0,7374.250000000,2,0,12647,11773,ESM6
2026-06-07T22:00:05.650935639Z,2026-06-07T22:00:05.649686851Z,0,1,42140864,T,A,0,7374.000000000,4,0,13113,11787,ESM6
2026-06-07T22:00:05.650935639Z,2026-06-07T22:00:05.649686851Z,0,1,42140864,T,A,0,7373.750000000,2,0,13113,11787,ESM6
2026-06-07T22:00:05.650935639Z,2026-06-07T22:00:05.649686851Z,0,1,42140864,T,A,0,7373.500000000,4,0,13113,11787,ESM6
2026-06-07T22:00:05.662890031Z,2026-06-07T22:00:05.661899281Z,0,1,42140864,T,B,0,7374.000000000,5,0,12645,11834,ESM6
2026-06-07T22:00:05.662890031Z,2026-06-07T22:00:05.661899281Z,0,1,42140864,T,B,0,7374.250000000,3,0,12645,11834,ESM6
2026-06-07T22:00:05.737323188Z,2026-06-07T22:00:05.736692699Z,0,1,42140864,T,A,0,7374.250000000,3,0,12413,11877,ESM6
2026-06-07T22:00:05.757900235Z,2026-06-07T22:00:05.757184789Z,0,1,42140864,T,B,0,7374.250000000,3,0,12780,11913,ESM6
2026-06-07T22:00:05.758637457Z,2026-06-07T22:00:05.757914415Z,0,1,42140864,T,A,0,7374.250000000,4,0,12509,11916,ESM6
2026-06-07T22:00:05.759131447Z,2026-06-07T22:00:05.758652603Z,0,1,42140864,T,A,0,7374.250000000,4,0,12695,11919,ESM6
2026-06-07T22:00:05.784493825Z,2026-06-07T22:00:05.783843571Z,0,1,42140864,T,B,0,7374.250000000,3,0,12383,11945,ESM6
2026-06-07T22:00:05.785063076Z,2026-06-07T22:00:05.784522511Z,0,1,42140864,T,A,0,7374.250000000,1,0,12599,11954,ESM6
2026-06-07T22:00:05.922516585Z,2026-06-07T22:00:05.922043247Z,0,1,42140864,T,A,0,7374.250000000,2,0,12629,11988,ESM6
2026-06-07T22:00:05.935144303Z,2026-06-07T22:00:05.934592587Z,0,1,42140864,T,B,0,7374.500000000,11,0,12816,12001,ESM6
2026-06-07T22:00:06.097326033Z,2026-06-07T22:00:06.096723423Z,0,1,42140864,T,A,0,7374.500000000,1,0,12521,12082,ESM6
2026-06-07T22:00:06.217119844Z,2026-06-07T22:00:06.216494731Z,0,1,42140864,T,B,0,7375.000000000,1,0,12885,12105,ESM6
2026-06-07T22:00:06.339957652Z,2026-06-07T22:00:06.339379411Z,0,1,42140864,T,A,0,7374.500000000,1,0,13578,12118,ESM6
2026-06-07T22:00:06.440133385Z,2026-06-07T22:00:06.439394477Z,0,1,42140864,T,A,0,7374.500000000,3,0,13222,12166,ESM6
2026-06-07T22:00:06.442442487Z,2026-06-07T22:00:06.441831829Z,0,1,42140864,T,A,0,7374.500000000,1,0,12864,12173,ESM6
2026-06-07T22:00:06.464328923Z,2026-06-07T22:00:06.463593251Z,0,1,42140864,T,B,0,7375.000000000,10,0,13424,12182,ESM6
2026-06-07T22:00:06.465110304Z,2026-06-07T22:00:06.464590341Z,0,1,42140864,T,A,0,7374.750000000,1,0,12538,12194,ESM6
2026-06-07T22:00:06.465504382Z,2026-06-07T22:00:06.464914883Z,0,1,42140864,T,B,0,7375.000000000,2,0,12644,12196,ESM6
2026-06-07T22:00:06.488426069Z,2026-06-07T22:00:06.487843133Z,0,1,42140864,T,B,0,7375.000000000,2,0,14230,12210,ESM6
2026-06-07T22:00:06.507092911Z,2026-06-07T22:00:06.506580131Z,0,1,42140864,T,A,0,7374.500000000,1,0,16174,12212,ESM6
2026-06-07T22:00:06.582976171Z,2026-06-07T22:00:06.582376207Z,0,1,42140864,T,A,0,7374.500000000,1,0,13159,12228,ESM6
2026-06-07T22:00:06.624501438Z,2026-06-07T22:00:06.623812177Z,0,1,42140864,T,B,0,7375.000000000,1,0,13284,12234,ESM6
2026-06-07T22:00:06.693534475Z,2026-06-07T22:00:06.692895209Z,0,1,42140864,T,A,0,7374.500000000,2,0,12670,12245,ESM6
2026-06-07T22:00:06.694266513Z,2026-06-07T22:00:06.693770135Z,0,1,42140864,T,A,0,7374.500000000,1,0,12591,12258,ESM6
2026-06-07T22:00:06.726989691Z,2026-06-07T22:00:06.726453843Z,0,1,42140864,T,B,0,7374.750000000,1,0,12933,12266,ESM6
2026-06-07T22:00:06.735549257Z,2026-06-07T22:00:06.734740409Z,0,1,42140864,T,B,0,7374.750000000,2,0,12578,12269,ESM6
2026-06-07T22:00:06.735549257Z,2026-06-07T22:00:06.734740409Z,0,1,42140864,T,B,0,7375.000000000,1,0,12578,12269,ESM6
2026-06-07T22:00:07.009841839Z,2026-06-07T22:00:07.008971703Z,0,1,42140864,T,B,0,7375.000000000,2,0,12820,12345,ESM6
2026-06-07T22:00:07.010758323Z,2026-06-07T22:00:07.010262251Z,0,1,42140864,T,A,0,7375.000000000,3,0,12898,12367,ESM6
2026-06-07T22:00:07.097069395Z,2026-06-07T22:00:07.096508503Z,0,1,42140864,T,B,0,7375.000000000,1,0,12553,12393,ESM6
2026-06-07T22:00:07.097607964Z,2026-06-07T22:00:07.097069733Z,0,1,42140864,T,B,0,7375.000000000,1,0,12479,12395,ESM6
2026-06-07T22:00:07.217218739Z,2026-06-07T22:00:07.216534181Z,0,1,42140864,T,A,0,7374.750000000,2,0,12634,12429,ESM6
2026-06-07T22:00:07.264835979Z,2026-06-07T22:00:07.264196209Z,0,1,42140864,T,B,0,7375.000000000,6,0,12210,12446,ESM6
2026-06-07T22:00:07.418136158Z,2026-06-07T22:00:07.417417925Z,0,1,42140864,T,A,0,7374.500000000,9,0,12695,12479,ESM6
2026-06-07T22:00:07.469416665Z,2026-06-07T22:00:07.468929559Z,0,1,42140864,T,A,0,7374.500000000,8,0,12457,12504,ESM6
2026-06-07T22:00:07.469922001Z,2026-06-07T22:00:07.469425127Z,0,1,42140864,T,A,0,7374.250000000,2,0,12692,12508,ESM6
2026-06-07T22:00:07.618939331Z,2026-06-07T22:00:07.618472697Z,0,1,42140864,T,A,0,7374.250000000,1,0,12619,12567,ESM6
2026-06-07T22:00:07.619770167Z,2026-06-07T22:00:07.618947875Z,0,1,42140864,T,A,0,7374.000000000,2,0,12467,12569,ESM6
2026-06-07T22:00:07.619780727Z,2026-06-07T22:00:07.618947875Z,0,1,42140864,T,A,0,7373.750000000,1,0,12243,12570,ESM6
2026-06-07T22:00:07.621017622Z,2026-06-07T22:00:07.620438671Z,0,1,42140864,T,A,0,7373.750000000,1,0,12647,12608,ESM6
2026-06-07T22:00:07.714401551Z,2026-06-07T22:00:07.713796159Z,0,1,42140864,T,B,0,7373.750000000,6,0,12654,12712,ESM6
2026-06-07T22:00:07.717438544Z,2026-06-07T22:00:07.716867907Z,0,1,42140864,T,B,0,7374.000000000,3,0,13414,12720,ESM6
2026-06-07T22:00:07.809286249Z,2026-06-07T22:00:07.808733813Z,0,1,42140864,T,B,0,7374.250000000,1,0,13890,12732,ESM6
2026-06-07T22:00:07.930287286Z,2026-06-07T22:00:07.929702227Z,0,1,42140864,T,A,0,7373.750000000,2,0,12507,12763,ESM6
2026-06-07T22:00:08.080712436Z,2026-06-07T22:00:08.080185547Z,0,1,42140864,T,B,0,7374.250000000,1,0,12528,12795,ESM6
2026-06-07T22:00:08.196480684Z,2026-06-07T22:00:08.195997375Z,0,1,42140864,T,B,0,7374.250000000,1,0,12335,12814,ESM6
2026-06-07T22:00:08.269018884Z,2026-06-07T22:00:08.268466887Z,0,1,42140864,T,B,0,7374.250000000,2,0,12213,12824,ESM6
2026-06-07T22:00:08.350494278Z,2026-06-07T22:00:08.349847001Z,0,1,42140864,T,A,0,7373.750000000,3,0,12553,12848,ESM6
2026-06-07T22:00:08.419852989Z,2026-06-07T22:00:08.419230917Z,0,1,42140864,T,A,0,7373.500000000,1,0,13027,12902,ESM6
2026-06-07T22:00:08.427666924Z,2026-06-07T22:00:08.427220129Z,0,1,42140864,T,B,0,7373.000000000,1,0,13051,12954,ESM6
2026-06-07T22:00:08.492683721Z,2026-06-07T22:00:08.492199307Z,0,1,42140864,T,A,0,7372.750000000,4,0,12463,12969,ESM6
2026-06-07T22:00:08.509958251Z,2026-06-07T22:00:08.509487759Z,0,1,42140864,T,B,0,7372.750000000,1,0,12657,13014,ESM6
2026-06-07T22:00:08.642601044Z,2026-06-07T22:00:08.642053831Z,0,1,42140864,T,B,0,7372.750000000,2,0,12525,13054,ESM6
2026-06-07T22:00:08.966070000Z,2026-06-07T22:00:08.965383729Z,0,1,42140864,T,A,0,7372.750000000,2,0,12564,13093,ESM6
2026-06-07T22:00:08.967328398Z,2026-06-07T22:00:08.966725809Z,0,1,42140864,T,B,0,7372.750000000,1,0,12529,13115,ESM6
2026-06-07T22:00:08.977632443Z,2026-06-07T22:00:08.977155443Z,0,1,42140864,T,A,0,7372.750000000,1,0,12671,13130,ESM6
2026-06-07T22:00:08.979436438Z,2026-06-07T22:00:08.979021447Z,0,1,42140864,T,A,0,7372.500000000,1,0,12512,13143,ESM6
2026-06-07T22:00:08.983853782Z,2026-06-07T22:00:08.983298829Z,0,1,42140864,T,A,0,7372.250000000,2,0,12670,13162,ESM6
2026-06-07T22:00:08.984085321Z,2026-06-07T22:00:08.983333235Z,0,1,42140864,T,A,0,7372.250000000,1,0,12693,13164,ESM6
2026-06-07T22:00:08.984316188Z,2026-06-07T22:00:08.983862191Z,0,1,42140864,T,A,0,7372.250000000,8,0,12334,13166,ESM6
2026-06-07T22:00:08.984814787Z,2026-06-07T22:00:08.984327059Z,0,1,42140864,T,A,0,7372.000000000,2,0,12371,13171,ESM6
2026-06-07T22:00:09.019045715Z,2026-06-07T22:00:09.018073365Z,0,1,42140864,T,A,0,7371.750000000,1,0,12853,13236,ESM6
2026-06-07T22:00:09.019052818Z,2026-06-07T22:00:09.018073365Z,0,1,42140864,T,A,0,7371.750000000,2,0,11460,13237,ESM6
2026-06-07T22:00:09.019598568Z,2026-06-07T22:00:09.018084673Z,0,1,42140864,T,A,0,7371.500000000,1,0,12685,13238,ESM6
2026-06-07T22:00:09.019614771Z,2026-06-07T22:00:09.018084673Z,0,1,42140864,T,A,0,7371.500000000,1,0,13805,13239,ESM6
2026-06-07T22:00:09.019614771Z,2026-06-07T22:00:09.018084673Z,0,1,42140864,T,A,0,7371.250000000,1,0,13805,13239,ESM6
2026-06-07T22:00:09.041308179Z,2026-06-07T22:00:09.040826481Z,0,1,42140864,T,A,0,7371.250000000,3,0,12863,13276,ESM6
2026-06-07T22:00:09.041670580Z,2026-06-07T22:00:09.040836465Z,0,1,42140864,T,A,0,7371.250000000,1,0,13162,13278,ESM6
2026-06-07T22:00:09.041670580Z,2026-06-07T22:00:09.040836465Z,0,1,42140864,T,A,0,7371.000000000,4,0,13162,13278,ESM6
2026-06-07T22:00:09.045356979Z,2026-06-07T22:00:09.044889579Z,0,1,42140864,T,A,0,7371.000000000,3,0,12417,13310,ESM6
2026-06-07T22:00:09.046031843Z,2026-06-07T22:00:09.045260583Z,0,1,42140864,T,A,0,7370.750000000,5,0,13119,13312,ESM6
2026-06-07T22:00:09.046031843Z,2026-06-07T22:00:09.045260583Z,0,1,42140864,T,A,0,7370.500000000,3,0,13119,13312,ESM6
2026-06-07T22:00:09.046468006Z,2026-06-07T22:00:09.046038937Z,0,1,42140864,T,B,0,7370.500000000,1,0,12546,13317,ESM6
2026-06-07T22:00:09.046913767Z,2026-06-07T22:00:09.046061171Z,0,1,42140864,T,A,0,7370.250000000,5,0,12038,13321,ESM6
2026-06-07T22:00:09.047187508Z,2026-06-07T22:00:09.046062389Z,0,1,42140864,T,B,0,7370.500000000,1,0,12522,13323,ESM6
2026-06-07T22:00:09.047819846Z,2026-06-07T22:00:09.047217631Z,0,1,42140864,T,A,0,7370.000000000,2,0,12781,13343,ESM6
2026-06-07T22:00:09.073108456Z,2026-06-07T22:00:09.072558621Z,0,1,42140864,T,A,0,7369.500000000,2,0,12854,13481,ESM6
2026-06-07T22:00:09.074267135Z,2026-06-07T22:00:09.073609987Z,0,1,42140864,T,A,0,7369.000000000,3,0,12422,13522,ESM6
2026-06-07T22:00:09.096629223Z,2026-06-07T22:00:09.096135017Z,0,1,42140864,T,A,0,7368.750000000,1,0,12852,13602,ESM6
2026-06-07T22:00:09.096885646Z,2026-06-07T22:00:09.096135229Z,0,1,42140864,T,A,0,7368.750000000,1,0,12325,13604,ESM6
2026-06-07T22:00:09.097097679Z,2026-06-07T22:00:09.096637745Z,0,1,42140864,T,A,0,7368.750000000,3,0,12789,13606,ESM6
2026-06-07T22:00:09.097400313Z,2026-06-07T22:00:09.096652435Z,0,1,42140864,T,A,0,7368.500000000,1,0,13384,13608,ESM6
2026-06-07T22:00:09.098378003Z,2026-06-07T22:00:09.097766197Z,0,1,42140864,T,A,0,7368.250000000,3,0,72792,13633,ESM6
2026-06-07T22:00:09.109196060Z,2026-06-07T22:00:09.108625317Z,0,1,42140864,T,A,0,7368.000000000,1,0,13096,13689,ESM6
2026-06-07T22:00:09.109408343Z,2026-06-07T22:00:09.108630981Z,0,1,42140864,T,A,0,7367.750000000,1,0,12752,13691,ESM6
2026-06-07T22:00:09.111860017Z,2026-06-07T22:00:09.111305233Z,0,1,42140864,T,B,0,7368.000000000,2,0,12735,13753,ESM6
2026-06-07T22:00:09.123041282Z,2026-06-07T22:00:09.122577635Z,0,1,42140864,T,A,0,7367.500000000,1,0,12609,13770,ESM6
2026-06-07T22:00:09.123256167Z,2026-06-07T22:00:09.122583125Z,0,1,42140864,T,A,0,7367.250000000,1,0,12687,13772,ESM6
2026-06-07T22:00:09.141434075Z,2026-06-07T22:00:09.140979877Z,0,1,42140864,T,A,0,7367.500000000,2,0,12518,13804,ESM6
2026-06-07T22:00:09.141612452Z,2026-06-07T22:00:09.140985597Z,0,1,42140864,T,A,0,7367.250000000,1,0,12371,13806,ESM6
2026-06-07T22:00:09.152288881Z,2026-06-07T22:00:09.151851093Z,0,1,42140864,T,A,0,7367.000000000,1,0,12532,13831,ESM6
2026-06-07T22:00:09.158129655Z,2026-06-07T22:00:09.157706895Z,0,1,42140864,T,A,0,7367.250000000,1,0,13408,13854,ESM6
2026-06-07T22:00:09.173023259Z,2026-06-07T22:00:09.172556505Z,0,1,42140864,T,A,0,7367.250000000,1,0,12441,13868,ESM6
2026-06-07T22:00:09.183099699Z,2026-06-07T22:00:09.182575105Z,0,1,42140864,T,A,0,7367.000000000,2,0,12924,13882,ESM6
2026-06-07T22:00:09.184663150Z,2026-06-07T22:00:09.184281085Z,0,1,42140864,T,A,0,7367.000000000,1,0,12991,13902,ESM6
2026-06-07T22:00:09.194010259Z,2026-06-07T22:00:09.193487581Z,0,1,42140864,T,A,0,7366.750000000,1,0,12426,13924,ESM6
2026-06-07T22:00:09.213145804Z,2026-06-07T22:00:09.212584101Z,0,1,42140864,T,A,0,7366.500000000,3,0,12951,13934,ESM6
2026-06-07T22:00:09.214288854Z,2026-06-07T22:00:09.213834811Z,0,1,42140864,T,A,0,7366.500000000,1,0,12701,13974,ESM6
2026-06-07T22:00:09.224924043Z,2026-06-07T22:00:09.224472451Z,0,1,42140864,T,A,0,7366.500000000,1,0,13025,13992,ESM6
2026-06-07T22:00:09.241640764Z,2026-06-07T22:00:09.241099999Z,0,1,42140864,T,A,0,7366.250000000,4,0,12456,14012,ESM6
2026-06-07T22:00:09.267159630Z,2026-06-07T22:00:09.266735983Z,0,1,42140864,T,A,0,7366.250000000,1,0,12566,14056,ESM6
2026-06-07T22:00:09.342107182Z,2026-06-07T22:00:09.341227339Z,0,1,42140864,T,A,0,7366.000000000,4,0,13311,14098,ESM6
2026-06-07T22:00:09.342981351Z,2026-06-07T22:00:09.342485499Z,0,1,42140864,T,A,0,7366.000000000,1,0,12778,14113,ESM6
2026-06-07T22:00:09.343249906Z,2026-06-07T22:00:09.342507809Z,0,1,42140870,T,A,0,7427.250000000,1,0,12804,14115,ESU6
2026-06-07T22:00:09.356884516Z,2026-06-07T22:00:09.355562701Z,0,1,42140864,T,A,0,7365.750000000,2,0,12802,14133,ESM6
2026-06-07T22:00:09.356890910Z,2026-06-07T22:00:09.355562701Z,0,1,42140864,T,A,0,7365.500000000,2,0,11942,14134,ESM6
2026-06-07T22:00:09.356890910Z,2026-06-07T22:00:09.355562701Z,0,1,42140864,T,A,0,7365.250000000,3,0,11942,14134,ESM6
2026-06-07T22:00:09.356890910Z,2026-06-07T22:00:09.355562701Z,0,1,42140864,T,A,0,7365.000000000,7,0,11942,14134,ESM6
2026-06-07T22:00:09.356890910Z,2026-06-07T22:00:09.355562701Z,0,1,42140864,T,A,0,7364.750000000,3,0,11942,14134,ESM6
2026-06-07T22:00:09.357034095Z,2026-06-07T22:00:09.355562701Z,0,1,42140864,T,A,0,7364.750000000,1,0,13200,14135,ESM6
2026-06-07T22:00:09.359835211Z,2026-06-07T22:00:09.359292075Z,0,1,42140864,T,B,0,7365.000000000,1,0,12932,14246,ESM6
2026-06-07T22:00:09.360283583Z,2026-06-07T22:00:09.359882359Z,0,1,42140864,T,B,0,7365.000000000,2,0,12360,14249,ESM6
2026-06-07T22:00:09.360452323Z,2026-06-07T22:00:09.359987607Z,0,1,42140864,T,B,0,7365.000000000,3,0,12465,14251,ESM6
2026-06-07T22:00:09.360989454Z,2026-06-07T22:00:09.360605399Z,0,1,42140864,T,B,0,7365.250000000,1,0,12677,14256,ESM6
2026-06-07T22:00:09.361787556Z,2026-06-07T22:00:09.361306763Z,0,1,42140864,T,A,0,7365.750000000,1,0,12797,14268,ESM6
2026-06-07T22:00:09.362030692Z,2026-06-07T22:00:09.361307549Z,0,1,42140864,T,B,0,7366.000000000,3,0,12482,14270,ESM6
2026-06-07T22:00:09.367062999Z,2026-06-07T22:00:09.366615235Z,0,1,42140864,T,A,0,7365.750000000,1,0,12645,14296,ESM6
2026-06-07T22:00:09.367547755Z,2026-06-07T22:00:09.367078835Z,0,1,42140864,T,B,0,7365.750000000,3,0,13907,14301,ESM6
2026-06-07T22:00:09.392102831Z,2026-06-07T22:00:09.391581495Z,0,1,42140864,T,A,0,7365.750000000,1,0,13272,14330,ESM6
2026-06-07T22:00:09.421526006Z,2026-06-07T22:00:09.421053837Z,0,1,42140864,T,B,0,7366.250000000,1,0,13250,14344,ESM6
2026-06-07T22:00:09.688159134Z,2026-06-07T22:00:09.687231217Z,0,1,42140864,T,B,0,7366.500000000,2,0,13491,14410,ESM6
2026-06-07T22:00:09.688728364Z,2026-06-07T22:00:09.688167673Z,0,1,42140864,T,B,0,7366.500000000,3,0,12507,14414,ESM6
2026-06-07T22:00:09.810183353Z,2026-06-07T22:00:09.809576479Z,0,1,42140864,T,A,0,7366.500000000,1,0,13172,14465,ESM6
2026-06-07T22:00:09.952018380Z,2026-06-07T22:00:09.951438417Z,0,1,42140864,T,A,0,7366.500000000,1,0,12700,14542,ESM6
2026-06-07T22:00:10.176522836Z,2026-06-07T22:00:10.175185173Z,0,1,42140864,T,B,0,7367.500000000,2,0,13524,14629,ESM6
2026-06-07T22:00:10.176522836Z,2026-06-07T22:00:10.175185173Z,0,1,42140864,T,B,0,7367.750000000,2,0,13524,14629,ESM6
2026-06-07T22:00:10.176522836Z,2026-06-07T22:00:10.175185173Z,0,1,42140864,T,B,0,7368.000000000,3,0,13524,14629,ESM6
2026-06-07T22:00:10.176522836Z,2026-06-07T22:00:10.175185173Z,0,1,42140864,T,B,0,7368.250000000,4,0,13524,14629,ESM6
2026-06-07T22:00:10.176522836Z,2026-06-07T22:00:10.175185173Z,0,1,42140864,T,B,0,7368.500000000,6,0,13524,14629,ESM6
2026-06-07T22:00:10.176522836Z,2026-06-07T22:00:10.175185173Z,0,1,42140864,T,B,0,7368.750000000,1,0,13524,14629,ESM6
2026-06-07T22:00:10.220633112Z,2026-06-07T22:00:10.220076687Z,0,1,42140864,T,A,0,7367.750000000,2,0,12315,14747,ESM6
2026-06-07T22:00:10.221563726Z,2026-06-07T22:00:10.221085967Z,0,1,42140864,T,A,0,7367.750000000,1,0,12432,14782,ESM6
2026-06-07T22:00:10.263485528Z,2026-06-07T22:00:10.263018947Z,0,1,42140864,T,A,0,7367.750000000,1,0,12640,14806,ESM6
2026-06-07T22:00:10.286218468Z,2026-06-07T22:00:10.285721933Z,0,1,42140864,T,A,0,7367.250000000,1,0,12363,14852,ESM6
2026-06-07T22:00:10.389341094Z,2026-06-07T22:00:10.388714117Z,0,1,42140864,T,A,0,7367.000000000,2,0,12449,15062,ESM6
2026-06-07T22:00:10.390664558Z,2026-06-07T22:00:10.390273245Z,0,1,42140864,T,A,0,7367.000000000,1,0,12589,15095,ESM6
2026-06-07T22:00:10.410426164Z,2026-06-07T22:00:10.409997789Z,0,1,42140864,T,A,0,7367.000000000,1,0,12337,15117,ESM6
2026-06-07T22:00:10.429460802Z,2026-06-07T22:00:10.428991555Z,0,1,42140864,T,B,0,7367.500000000,1,0,12891,15126,ESM6
2026-06-07T22:00:10.429913399Z,2026-06-07T22:00:10.429482747Z,0,1,42140864,T,A,0,7367.000000000,1,0,13061,15134,ESM6
2026-06-07T22:00:10.442626132Z,2026-06-07T22:00:10.442092831Z,0,1,42140864,T,A,0,7367.000000000,2,0,12231,15145,ESM6
2026-06-07T22:00:10.624812361Z,2026-06-07T22:00:10.624333657Z,0,1,42140864,T,B,0,7367.750000000,1,0,12585,15162,ESM6
2026-06-07T22:00:10.742556739Z,2026-06-07T22:00:10.742112455Z,0,1,42140864,T,A,0,7367.500000000,1,0,12468,15213,ESM6
2026-06-07T22:00:10.783576111Z,2026-06-07T22:00:10.783093043Z,0,1,42140864,T,B,0,7368.000000000,1,0,12520,15258,ESM6
2026-06-07T22:00:10.833223113Z,2026-06-07T22:00:10.832690057Z,0,1,42140864,T,B,0,7368.000000000,1,0,13235,15274,ESM6
2026-06-07T22:00:10.904987456Z,2026-06-07T22:00:10.904538959Z,0,1,42140864,T,B,0,7367.750000000,1,0,12318,15308,ESM6
2026-06-07T22:00:10.906071143Z,2026-06-07T22:00:10.905675185Z,0,1,42140864,T,A,0,7367.500000000,1,0,13251,15331,ESM6
2026-06-07T22:00:10.915417505Z,2026-06-07T22:00:10.914993575Z,0,1,42140864,T,A,0,7367.500000000,1,0,12205,15349,ESM6
2026-06-07T22:00:10.945753460Z,2026-06-07T22:00:10.945278463Z,0,1,42140864,T,A,0,7367.500000000,1,0,12121,15357,ESM6
2026-06-07T22:00:11.006260094Z,2026-06-07T22:00:11.005728455Z,0,1,42140870,T,B,0,7430.250000000,1,0,12668,15370,ESU6
2026-06-07T22:00:11.006659761Z,2026-06-07T22:00:11.006244991Z,0,1,42140864,T,B,0,7368.250000000,1,0,12527,15372,ESM6
2026-06-07T22:00:11.138456897Z,2026-06-07T22:00:11.137984325Z,0,1,42140864,T,A,0,7367.500000000,1,0,12406,15416,ESM6
2026-06-07T22:00:11.303398214Z,2026-06-07T22:00:11.302688559Z,0,1,42140864,T,A,0,7367.500000000,3,0,12424,15475,ESM6
2026-06-07T22:00:11.358768451Z,2026-06-07T22:00:11.358256207Z,0,1,42140864,T,B,0,7368.000000000,1,0,12151,15512,ESM6
2026-06-07T22:00:11.374679814Z,2026-06-07T22:00:11.374216833Z,0,1,42140864,T,B,0,7368.000000000,1,0,12467,15527,ESM6
2026-06-07T22:00:11.375057190Z,2026-06-07T22:00:11.374688251Z,0,1,42140864,T,A,0,7367.250000000,1,0,12547,15529,ESM6
2026-06-07T22:00:11.376073259Z,2026-06-07T22:00:11.375647709Z,0,1,42140864,T,A,0,7367.000000000,1,0,13267,15549,ESM6
2026-06-07T22:00:11.376618356Z,2026-06-07T22:00:11.376081707Z,0,1,42140864,T,A,0,7366.750000000,3,0,12506,15552,ESM6
2026-06-07T22:00:11.377336687Z,2026-06-07T22:00:11.376856467Z,0,1,42140864,T,A,0,7366.750000000,1,0,12633,15569,ESM6
2026-06-07T22:00:11.531937033Z,2026-06-07T22:00:11.531427405Z,0,1,42140864,T,B,0,7367.000000000,1,0,12772,15633,ESM6
2026-06-07T22:00:11.934637006Z,2026-06-07T22:00:11.934077979Z,0,1,42140864,T,A,0,7367.000000000,2,0,12733,15750,ESM6
2026-06-07T22:00:12.186650473Z,2026-06-07T22:00:12.185975869Z,0,1,42140864,T,B,0,7367.500000000,1,0,13507,15835,ESM6
2026-06-07T22:00:12.642100647Z,2026-06-07T22:00:12.641637615Z,0,1,42140864,T,A,0,7367.500000000,1,0,13282,15987,ESM6
2026-06-07T22:00:12.681883201Z,2026-06-07T22:00:12.681365457Z,0,1,42140864,T,A,0,7367.000000000,2,0,12710,16009,ESM6
2026-06-07T22:00:12.696126247Z,2026-06-07T22:00:12.695686783Z,0,1,42140864,T,B,0,7368.000000000,2,0,13047,16021,ESM6
2026-06-07T22:00:12.909743606Z,2026-06-07T22:00:12.909241611Z,0,1,42140864,T,A,0,7367.250000000,1,0,13203,16088,ESM6
2026-06-07T22:00:12.982124678Z,2026-06-07T22:00:12.981602075Z,0,1,42140864,T,B,0,7367.750000000,1,0,77145,16103,ESM6
2026-06-07T22:00:13.096699463Z,2026-06-07T22:00:13.096284051Z,0,1,42140864,T,A,0,7367.250000000,1,0,12554,16130,ESM6
2026-06-07T22:00:13.271431203Z,2026-06-07T22:00:13.271067365Z,0,1,42140864,T,B,0,7368.000000000,1,0,12390,16144,ESM6
2026-06-07T22:00:13.286016049Z,2026-06-07T22:00:13.285670611Z,0,1,42140864,T,B,0,7368.000000000,1,0,12778,16154,ESM6
2026-06-07T22:00:13.369013974Z,2026-06-07T22:00:13.368575749Z,0,1,42140864,T,A,0,7367.500000000,1,0,12623,16173,ESM6
2026-06-07T22:00:13.370605494Z,2026-06-07T22:00:13.370147547Z,0,1,42140864,T,B,0,7368.000000000,2,0,13031,16184,ESM6
2026-06-07T22:00:13.434284343Z,2026-06-07T22:00:13.433758087Z,0,1,42140864,T,A,0,7367.500000000,1,0,13502,16220,ESM6
2026-06-07T22:00:13.805285838Z,2026-06-07T22:00:13.804744087Z,0,1,42140864,T,A,0,7367.250000000,1,0,12824,16264,ESM6
2026-06-07T22:00:14.082900974Z,2026-06-07T22:00:14.082429023Z,0,1,42140864,T,A,0,7367.250000000,1,0,12770,16308,ESM6
2026-06-07T22:00:14.083655801Z,2026-06-07T22:00:14.083243489Z,0,1,42140864,T,A,0,7367.250000000,1,0,12795,16316,ESM6
2026-06-07T22:00:14.246033286Z,2026-06-07T22:00:14.245602527Z,0,1,42140864,T,A,0,7367.250000000,1,0,12688,16368,ESM6
2026-06-07T22:00:14.319913643Z,2026-06-07T22:00:14.319411451Z,0,1,42140864,T,B,0,7367.500000000,3,0,12714,16388,ESM6
2026-06-07T22:00:14.321274468Z,2026-06-07T22:00:14.320851617Z,0,1,42140864,T,A,0,7368.000000000,1,0,12734,16416,ESM6
2026-06-07T22:00:14.389373162Z,2026-06-07T22:00:14.388817373Z,0,1,42140864,T,A,0,7367.000000000,2,0,12904,16489,ESM6
2026-06-07T22:00:14.405574871Z,2026-06-07T22:00:14.405055445Z,0,1,42140864,T,A,0,7367.000000000,1,0,12563,16505,ESM6
2026-06-07T22:00:14.893652174Z,2026-06-07T22:00:14.893218065Z,0,1,42140864,T,A,0,7367.250000000,1,0,12417,16545,ESM6
2026-06-07T22:00:14.986616609Z,2026-06-07T22:00:14.986136295Z,0,1,42140864,T,A,0,7367.000000000,1,0,12539,16569,ESM6
2026-06-07T22:00:15.015464679Z,2026-06-07T22:00:15.015028747Z,0,1,42140864,T,A,0,7367.000000000,1,0,12479,16588,ESM6
2026-06-07T22:00:15.017289603Z,2026-06-07T22:00:15.016762641Z,0,1,42140864,T,A,0,7367.000000000,1,0,12476,16601,ESM6
2026-06-07T22:00:15.056271367Z,2026-06-07T22:00:15.055871791Z,0,1,42140864,T,A,0,7366.750000000,1,0,12237,16660,ESM6
2026-06-07T22:00:15.115213506Z,2026-06-07T22:00:15.114709037Z,0,1,42140864,T,A,0,7366.500000000,1,0,12640,16682,ESM6
2026-06-07T22:00:15.298164827Z,2026-06-07T22:00:15.297712625Z,0,1,42140864,T,A,0,7366.500000000,1,0,13473,16736,ESM6
2026-06-07T22:00:15.298823718Z,2026-06-07T22:00:15.298293439Z,0,1,42140864,T,B,0,7366.500000000,1,0,13119,16746,ESM6
2026-06-07T22:00:15.504438913Z,2026-06-07T22:00:15.503937885Z,0,1,42140864,T,B,0,7366.500000000,2,0,12886,16777,ESM6
2026-06-07T22:00:15.507037055Z,2026-06-07T22:00:15.506641319Z,0,1,42140864,T,B,0,7367.000000000,1,0,13085,16810,ESM6
2026-06-07T22:00:15.507610262Z,2026-06-07T22:00:15.507050375Z,0,1,42140864,T,B,0,7367.250000000,4,0,12753,16814,ESM6
2026-06-07T22:00:15.508202780Z,2026-06-07T22:00:15.507656225Z,0,1,42140864,T,B,0,7367.500000000,4,0,12528,16827,ESM6
2026-06-07T22:00:15.508828495Z,2026-06-07T22:00:15.508289625Z,0,1,42140864,T,B,0,7367.750000000,2,0,12586,16840,ESM6
2026-06-07T22:00:15.702912015Z,2026-06-07T22:00:15.702062021Z,0,1,42140864,T,A,0,7367.750000000,1,0,13065,16985,ESM6
2026-06-07T22:00:15.702912015Z,2026-06-07T22:00:15.702062021Z,0,1,42140864,T,A,0,7367.500000000,2,0,13065,16985,ESM6
2026-06-07T22:00:15.702912015Z,2026-06-07T22:00:15.702062021Z,0,1,42140864,T,A,0,7367.250000000,5,0,13065,16985,ESM6
2026-06-07T22:00:15.702912015Z,2026-06-07T22:00:15.702062021Z,0,1,42140864,T,A,0,7367.000000000,17,0,13065,16985,ESM6
2026-06-07T22:00:15.714649267Z,2026-06-07T22:00:15.714112277Z,0,1,42140864,T,B,0,7367.750000000,7,0,12728,17027,ESM6
2026-06-07T22:00:15.764798856Z,2026-06-07T22:00:15.764385643Z,0,1,42140864,T,B,0,7368.250000000,1,0,12345,17081,ESM6
2026-06-07T22:00:15.765293519Z,2026-06-07T22:00:15.764812553Z,0,1,42140864,T,B,0,7368.250000000,1,0,70050,17086,ESM6
2026-06-07T22:00:15.768272532Z,2026-06-07T22:00:15.767871173Z,0,1,42140864,T,A,0,7368.000000000,1,0,12597,17096,ESM6
2026-06-07T22:00:16.035470635Z,2026-06-07T22:00:16.035049887Z,0,1,42140864,T,A,0,7367.500000000,1,0,12892,17182,ESM6
2026-06-07T22:00:16.239398901Z,2026-06-07T22:00:16.238989965Z,0,1,42140864,T,A,0,7367.250000000,1,0,12238,17221,ESM6
2026-06-07T22:00:16.253551521Z,2026-06-07T22:00:16.252651743Z,0,1,42140864,T,B,0,7367.500000000,6,0,13170,17229,ESM6
2026-06-07T22:00:16.253551521Z,2026-06-07T22:00:16.252651743Z,0,1,42140864,T,B,0,7367.750000000,2,0,13170,17229,ESM6
2026-06-07T22:00:16.253551521Z,2026-06-07T22:00:16.252651743Z,0,1,42140864,T,B,0,7368.000000000,1,0,13170,17229,ESM6
2026-06-07T22:00:16.253551521Z,2026-06-07T22:00:16.252651743Z,0,1,42140864,T,B,0,7368.250000000,1,0,13170,17229,ESM6
2026-06-07T22:00:16.299935633Z,2026-06-07T22:00:16.299175319Z,0,1,42140864,T,A,0,7367.500000000,2,0,12815,17298,ESM6
2026-06-07T22:00:16.299935633Z,2026-06-07T22:00:16.299175319Z,0,1,42140864,T,A,0,7367.250000000,4,0,12815,17298,ESM6
2026-06-07T22:00:16.299935633Z,2026-06-07T22:00:16.299175319Z,0,1,42140864,T,A,0,7367.000000000,19,0,12815,17298,ESM6
2026-06-07T22:00:16.300676291Z,2026-06-07T22:00:16.299990805Z,0,1,42140864,T,A,0,7367.250000000,1,0,12794,17313,ESM6
2026-06-07T22:00:16.300676291Z,2026-06-07T22:00:16.299990805Z,0,1,42140864,T,A,0,7367.000000000,61,0,12794,17313,ESM6
2026-06-07T22:00:16.301097403Z,2026-06-07T22:00:16.300684987Z,0,1,42140864,T,A,0,7367.250000000,1,0,12423,17316,ESM6
2026-06-07T22:00:16.303902644Z,2026-06-07T22:00:16.303396333Z,0,1,42140864,T,A,0,7366.750000000,2,0,12451,17355,ESM6
2026-06-07T22:00:16.303913761Z,2026-06-07T22:00:16.303396333Z,0,1,42140864,T,A,0,7366.500000000,1,0,13111,17356,ESM6
2026-06-07T22:00:16.304273991Z,2026-06-07T22:00:16.303922945Z,0,1,42140864,T,A,0,7366.500000000,1,0,13539,17359,ESM6
2026-06-07T22:00:16.307693583Z,2026-06-07T22:00:16.307360921Z,0,1,42140864,T,A,0,7366.250000000,1,0,12591,17396,ESM6
2026-06-07T22:00:16.319977430Z,2026-06-07T22:00:16.319609657Z,0,1,42140864,T,B,0,7366.250000000,1,0,12360,17421,ESM6
2026-06-07T22:00:16.492697737Z,2026-06-07T22:00:16.492258503Z,0,1,42140864,T,A,0,7366.000000000,2,0,12452,17473,ESM6
2026-06-07T22:00:16.544603806Z,2026-06-07T22:00:16.544009935Z,0,1,42140864,T,A,0,7365.500000000,1,0,13063,17581,ESM6
2026-06-07T22:00:16.544611044Z,2026-06-07T22:00:16.544009935Z,0,1,42140864,T,A,0,7365.250000000,1,0,11470,17582,ESM6
2026-06-07T22:00:16.617784095Z,2026-06-07T22:00:16.617219289Z,0,1,42140864,T,B,0,7365.750000000,5,0,12451,17604,ESM6
2026-06-07T22:00:16.671944110Z,2026-06-07T22:00:16.671552489Z,0,1,42140864,T,B,0,7366.000000000,1,0,14583,17646,ESM6
2026-06-07T22:00:16.924871996Z,2026-06-07T22:00:16.924288905Z,0,1,42140864,T,B,0,7366.000000000,2,0,13359,17712,ESM6
2026-06-07T22:00:16.924871996Z,2026-06-07T22:00:16.924288905Z,0,1,42140864,T,B,0,7366.250000000,1,0,13359,17712,ESM6
2026-06-07T22:00:17.123688468Z,2026-06-07T22:00:17.123213047Z,0,1,42140864,T,B,0,7366.250000000,1,0,12275,17746,ESM6
2026-06-07T22:00:17.124380668Z,2026-06-07T22:00:17.124031449Z,0,1,42140864,T,B,0,7366.250000000,1,0,12884,17749,ESM6
2026-06-07T22:00:17.328101025Z,2026-06-07T22:00:17.327689089Z,0,1,42140864,T,A,0,7365.750000000,1,0,11639,17762,ESM6
2026-06-07T22:00:17.351176281Z,2026-06-07T22:00:17.350873591Z,0,1,42140864,T,B,0,7366.250000000,1,0,12597,17781,ESM6
2026-06-07T22:00:17.544779451Z,2026-06-07T22:00:17.544375815Z,0,1,42140864,T,B,0,7366.250000000,1,0,12202,17797,ESM6
2026-06-07T22:00:17.564001297Z,2026-06-07T22:00:17.563344393Z,0,1,42140864,T,B,0,7366.250000000,3,0,12716,17799,ESM6
2026-06-07T22:00:17.564001297Z,2026-06-07T22:00:17.563344393Z,0,1,42140864,T,B,0,7366.500000000,1,0,12716,17799,ESM6
2026-06-07T22:00:17.584472535Z,2026-06-07T22:00:17.584071171Z,0,1,42140864,T,B,0,7366.250000000,5,0,12519,17825,ESM6
2026-06-07T22:00:17.584599403Z,2026-06-07T22:00:17.584072573Z,0,1,42140864,T,A,0,7366.000000000,2,0,12322,17827,ESM6
2026-06-07T22:00:17.599040123Z,2026-06-07T22:00:17.598699453Z,0,1,42140864,T,B,0,7366.250000000,1,0,12633,17834,ESM6
2026-06-07T22:00:17.626545702Z,2026-06-07T22:00:17.626196297Z,0,1,42140864,T,B,0,7366.250000000,1,0,12017,17848,ESM6
2026-06-07T22:00:17.626720011Z,2026-06-07T22:00:17.626295691Z,0,1,42140864,T,B,0,7366.250000000,1,0,12862,17850,ESM6
2026-06-07T22:00:17.629178096Z,2026-06-07T22:00:17.628825735Z,0,1,42140864,T,B,0,7366.500000000,3,0,12371,17870,ESM6
2026-06-07T22:00:17.660353412Z,2026-06-07T22:00:17.659915377Z,0,1,42140864,T,B,0,7367.000000000,1,0,12425,17945,ESM6
2026-06-07T22:00:17.660824338Z,2026-06-07T22:00:17.660451033Z,0,1,42140864,T,A,0,7366.750000000,1,0,12600,17950,ESM6
2026-06-07T22:00:17.682358767Z,2026-06-07T22:00:17.681471445Z,0,1,42140864,T,A,0,7366.750000000,1,0,13114,17967,ESM6
2026-06-07T22:00:17.682358767Z,2026-06-07T22:00:17.681471445Z,0,1,42140864,T,A,0,7366.500000000,3,0,13114,17967,ESM6
2026-06-07T22:00:17.682358767Z,2026-06-07T22:00:17.681471445Z,0,1,42140864,T,A,0,7366.250000000,2,0,13114,17967,ESM6
2026-06-07T22:00:17.682358767Z,2026-06-07T22:00:17.681471445Z,0,1,42140864,T,A,0,7366.000000000,4,0,13114,17967,ESM6
2026-06-07T22:00:17.716141038Z,2026-06-07T22:00:17.715634105Z,0,1,42140864,T,B,0,7366.750000000,2,0,12441,18085,ESM6
2026-06-07T22:00:17.774678094Z,2026-06-07T22:00:17.774157193Z,0,1,42140864,T,B,0,7366.750000000,2,0,12649,18129,ESM6
2026-06-07T22:00:17.774678094Z,2026-06-07T22:00:17.774157193Z,0,1,42140864,T,B,0,7367.000000000,1,0,12649,18129,ESM6
2026-06-07T22:00:18.028957924Z,2026-06-07T22:00:18.028577353Z,0,1,42140864,T,A,0,7366.500000000,1,0,12462,18209,ESM6
2026-06-07T22:00:18.402323084Z,2026-06-07T22:00:18.401928643Z,0,1,42140864,T,A,0,7365.750000000,1,0,12461,18334,ESM6
2026-06-07T22:00:18.650890654Z,2026-06-07T22:00:18.650508609Z,0,1,42140864,T,B,0,7366.250000000,1,0,12557,18341,ESM6
2026-06-07T22:00:18.651485111Z,2026-06-07T22:00:18.651132335Z,0,1,42140864,T,B,0,7366.250000000,6,0,12354,18352,ESM6
2026-06-07T22:00:18.823820265Z,2026-06-07T22:00:18.823319593Z,0,1,42140864,T,B,0,7366.750000000,1,0,13460,18405,ESM6
2026-06-07T22:00:18.824170897Z,2026-06-07T22:00:18.823322261Z,0,1,42140864,T,A,0,7366.500000000,3,0,13104,18407,ESM6
2026-06-07T22:00:18.973280540Z,2026-06-07T22:00:18.972667935Z,0,1,42140864,T,B,0,7366.750000000,2,0,13273,18436,ESM6
2026-06-07T22:00:18.973280540Z,2026-06-07T22:00:18.972667935Z,0,1,42140864,T,B,0,7367.000000000,1,0,13273,18436,ESM6
2026-06-07T22:00:19.075539376Z,2026-06-07T22:00:19.075032189Z,0,1,42140864,T,A,0,7366.250000000,1,0,12326,18478,ESM6
2026-06-07T22:00:19.532631163Z,2026-06-07T22:00:19.532002125Z,0,1,42140864,T,B,0,7366.500000000,2,0,12649,18563,ESM6
2026-06-07T22:00:19.532631163Z,2026-06-07T22:00:19.532002125Z,0,1,42140864,T,B,0,7366.750000000,2,0,12649,18563,ESM6
2026-06-07T22:00:19.532631163Z,2026-06-07T22:00:19.532002125Z,0,1,42140864,T,B,0,7367.000000000,1,0,12649,18563,ESM6
2026-06-07T22:00:19.622006150Z,2026-06-07T22:00:19.621600265Z,0,1,42140864,T,A,0,7366.500000000,3,0,12528,18624,ESM6
2026-06-07T22:00:19.882562889Z,2026-06-07T22:00:19.882115049Z,0,1,42140864,T,A,0,7366.750000000,1,0,12525,18692,ESM6
2026-06-07T22:00:19.907030324Z,2026-06-07T22:00:19.906625347Z,0,1,42140864,T,B,0,7367.000000000,1,0,12438,18714,ESM6
2026-06-07T22:00:19.930039730Z,2026-06-07T22:00:19.929659617Z,0,1,42140864,T,A,0,7366.750000000,1,0,12585,18734,ESM6
2026-06-07T22:00:20.263734126Z,2026-06-07T22:00:20.263180397Z,0,1,42140864,T,A,0,7366.750000000,1,0,12700,18778,ESM6
2026-06-07T22:00:20.263734126Z,2026-06-07T22:00:20.263180397Z,0,1,42140864,T,A,0,7366.500000000,1,0,12700,18778,ESM6
2026-06-07T22:00:20.265649763Z,2026-06-07T22:00:20.265309757Z,0,1,42140864,T,A,0,7366.750000000,1,0,12735,18794,ESM6
2026-06-07T22:00:20.899283407Z,2026-06-07T22:00:20.898837509Z,0,1,42140864,T,B,0,7366.750000000,1,0,12584,18871,ESM6
2026-06-07T22:00:21.307673356Z,2026-06-07T22:00:21.307203809Z,0,1,42140864,T,A,0,7366.750000000,2,0,12686,18927,ESM6
2026-06-07T22:00:21.758465572Z,2026-06-07T22:00:21.757954257Z,0,1,42140864,T,B,0,7367.000000000,5,0,12252,18959,ESM6
2026-06-07T22:00:21.960088892Z,2026-06-07T22:00:21.959576443Z,0,1,42140864,T,A,0,7367.000000000,2,0,13501,19007,ESM6
2026-06-07T22:00:21.960088892Z,2026-06-07T22:00:21.959576443Z,0,1,42140864,T,A,0,7366.750000000,1,0,13501,19007,ESM6
2026-06-07T22:00:22.099663665Z,2026-06-07T22:00:22.098829563Z,0,1,42140864,T,B,0,7367.250000000,3,0,13128,19029,ESM6
2026-06-07T22:00:22.099663665Z,2026-06-07T22:00:22.098829563Z,0,1,42140864,T,B,0,7367.500000000,2,0,13128,19029,ESM6
2026-06-07T22:00:22.099663665Z,2026-06-07T22:00:22.098829563Z,0,1,42140864,T,B,0,7367.750000000,4,0,13128,19029,ESM6
2026-06-07T22:00:22.099663665Z,2026-06-07T22:00:22.098829563Z,0,1,42140864,T,B,0,7368.000000000,3,0,13128,19029,ESM6
2026-06-07T22:00:22.123311516Z,2026-06-07T22:00:22.122901815Z,0,1,42140864,T,A,0,7367.500000000,3,0,12793,19129,ESM6
2026-06-07T22:00:22.223702820Z,2026-06-07T22:00:22.223251847Z,0,1,42140864,T,A,0,7367.000000000,3,0,13006,19175,ESM6
2026-06-07T22:00:22.224200689Z,2026-06-07T22:00:22.223874131Z,0,1,42140864,T,A,0,7367.000000000,1,0,12988,19187,ESM6
2026-06-07T22:00:22.360833539Z,2026-06-07T22:00:22.360328857Z,0,1,42140864,T,B,0,7367.250000000,2,0,13054,19234,ESM6
2026-06-07T22:00:22.364598502Z,2026-06-07T22:00:22.364253377Z,0,1,42140864,T,B,0,7367.500000000,1,0,12700,19264,ESM6
2026-06-07T22:00:22.364756683Z,2026-06-07T22:00:22.364256585Z,0,1,42140864,T,A,0,7367.250000000,3,0,13170,19266,ESM6
2026-06-07T22:00:22.414308073Z,2026-06-07T22:00:22.413817427Z,0,1,42140864,T,B,0,7367.250000000,1,0,12470,19313,ESM6
2026-06-07T22:00:22.414430332Z,2026-06-07T22:00:22.413958813Z,0,1,42140864,T,A,0,7367.000000000,2,0,12704,19315,ESM6
2026-06-07T22:00:22.702796318Z,2026-06-07T22:00:22.702420811Z,0,1,42140864,T,A,0,7367.000000000,1,0,12807,19388,ESM6
2026-06-07T22:00:22.812044885Z,2026-06-07T22:00:22.811660437Z,0,1,42140864,T,B,0,7366.750000000,1,0,12726,19421,ESM6
2026-06-07T22:00:22.865103911Z,2026-06-07T22:00:22.864745079Z,0,1,42140864,T,A,0,7366.500000000,3,0,12571,19451,ESM6
2026-06-07T22:00:22.865703420Z,2026-06-07T22:00:22.865340425Z,0,1,42140864,T,B,0,7366.500000000,2,0,12728,19467,ESM6
2026-06-07T22:00:22.865876499Z,2026-06-07T22:00:22.865400651Z,0,1,42140864,T,A,0,7366.250000000,3,0,12624,19469,ESM6
2026-06-07T22:00:22.889274934Z,2026-06-07T22:00:22.888853809Z,0,1,42140864,T,B,0,7366.250000000,2,0,12752,19502,ESM6
2026-06-07T22:00:22.993123724Z,2026-06-07T22:00:22.992560679Z,0,1,42140864,T,B,0,7366.500000000,2,0,12935,19535,ESM6
2026-06-07T22:00:22.993123724Z,2026-06-07T22:00:22.992560679Z,0,1,42140864,T,B,0,7366.750000000,3,0,12935,19535,ESM6
2026-06-07T22:00:23.188423426Z,2026-06-07T22:00:23.187986911Z,0,1,42140864,T,B,0,7366.500000000,3,0,13600,19637,ESM6
2026-06-07T22:00:23.434428409Z,2026-06-07T22:00:23.434075097Z,0,1,42140864,T,B,0,7366.500000000,1,0,12381,19678,ESM6
2026-06-07T22:00:23.569934065Z,2026-06-07T22:00:23.569574377Z,0,1,42140864,T,A,0,7366.250000000,1,0,12877,19700,ESM6
2026-06-07T22:00:23.591024838Z,2026-06-07T22:00:23.590657089Z,0,1,42140864,T,A,0,7366.000000000,1,0,12486,19716,ESM6
2026-06-07T22:00:23.591339355Z,2026-06-07T22:00:23.591010143Z,0,1,42140864,T,A,0,7366.000000000,2,0,12350,19718,ESM6
2026-06-07T22:00:23.591866465Z,2026-06-07T22:00:23.591482865Z,0,1,42140864,T,A,0,7366.000000000,2,0,12574,19724,ESM6
2026-06-07T22:00:23.788230775Z,2026-06-07T22:00:23.787847071Z,0,1,42140864,T,A,0,7365.500000000,1,0,12845,19813,ESM6
2026-06-07T22:00:23.898231863Z,2026-06-07T22:00:23.897830417Z,0,1,42140864,T,B,0,7365.750000000,1,0,12829,19847,ESM6
2026-06-07T22:00:24.003706093Z,2026-06-07T22:00:24.003179797Z,0,1,42140864,T,A,0,7365.750000000,2,0,13717,19893,ESM6
2026-06-07T22:00:24.003706093Z,2026-06-07T22:00:24.003179797Z,0,1,42140864,T,A,0,7365.500000000,1,0,13717,19893,ESM6
2026-06-07T22:00:24.039918683Z,2026-06-07T22:00:24.039553449Z,0,1,42140864,T,B,0,7366.000000000,1,0,12477,19906,ESM6
2026-06-07T22:00:24.049131571Z,2026-06-07T22:00:24.048740017Z,0,1,42140864,T,B,0,7366.500000000,2,0,13213,19950,ESM6
2026-06-07T22:00:24.102381617Z,2026-06-07T22:00:24.101802003Z,0,1,42140864,T,A,0,7366.500000000,2,0,12664,20059,ESM6
2026-06-07T22:00:24.245766996Z,2026-06-07T22:00:24.245379021Z,0,1,42140864,T,A,0,7366.250000000,3,0,13445,20100,ESM6
2026-06-07T22:00:24.286070317Z,2026-06-07T22:00:24.285687543Z,0,1,42140864,T,B,0,7365.750000000,2,0,13117,20180,ESM6
2026-06-07T22:00:24.485232265Z,2026-06-07T22:00:24.484660069Z,0,1,42140864,T,B,0,7365.750000000,1,0,12978,20291,ESM6
2026-06-07T22:00:24.485232265Z,2026-06-07T22:00:24.484660069Z,0,1,42140864,T,B,0,7366.000000000,3,0,12978,20291,ESM6
2026-06-07T22:00:24.485232265Z,2026-06-07T22:00:24.484660069Z,0,1,42140864,T,B,0,7366.250000000,1,0,12978,20291,ESM6
2026-06-07T22:00:24.644999395Z,2026-06-07T22:00:24.644648529Z,0,1,42140864,T,B,0,7366.000000000,1,0,12402,20328,ESM6
2026-06-07T22:00:24.645313894Z,2026-06-07T22:00:24.645003313Z,0,1,42140864,T,B,0,7366.250000000,1,0,12702,20331,ESM6
2026-06-07T22:00:24.648158321Z,2026-06-07T22:00:24.647629909Z,0,1,42140864,T,B,0,7366.250000000,1,0,12574,20336,ESM6
2026-06-07T22:00:24.648158321Z,2026-06-07T22:00:24.647629909Z,0,1,42140864,T,B,0,7366.500000000,2,0,12574,20336,ESM6
2026-06-07T22:00:24.681266283Z,2026-06-07T22:00:24.680946307Z,0,1,42140864,T,B,0,7366.250000000,1,0,12240,20356,ESM6
2026-06-07T22:00:24.716911181Z,2026-06-07T22:00:24.716575379Z,0,1,42140864,T,B,0,7366.250000000,1,0,12315,20376,ESM6
2026-06-07T22:00:24.903690655Z,2026-06-07T22:00:24.903331021Z,0,1,42140864,T,B,0,7366.500000000,1,0,12772,20403,ESM6
2026-06-07T22:00:24.940613438Z,2026-06-07T22:00:24.940197381Z,0,1,42140864,T,B,0,7366.500000000,4,0,86551,20415,ESM6
2026-06-07T22:00:24.941396337Z,2026-06-07T22:00:24.941048769Z,0,1,42140864,T,A,0,7366.750000000,1,0,12360,20446,ESM6
2026-06-07T22:00:25.000118241Z,2026-06-07T22:00:24.999765807Z,0,1,42140864,T,A,0,7366.750000000,1,0,12481,20532,ESM6
2026-06-07T22:00:25.277250112Z,2026-06-07T22:00:25.276838289Z,0,1,42140864,T,B,0,7367.000000000,1,0,13134,20599,ESM6
2026-06-07T22:00:25.298287127Z,2026-06-07T22:00:25.297949437Z,0,1,42140864,T,B,0,7366.750000000,1,0,12471,20617,ESM6
2026-06-07T22:00:25.508131100Z,2026-06-07T22:00:25.507784331Z,0,1,42140864,T,A,0,7366.500000000,1,0,12367,20641,ESM6
2026-06-07T22:00:25.709687620Z,2026-06-07T22:00:25.709284119Z,0,1,42140864,T,B,0,7367.000000000,1,0,12389,20673,ESM6
2026-06-07T22:00:25.729497917Z,2026-06-07T22:00:25.729136781Z,0,1,42140864,T,B,0,7367.000000000,1,0,12361,20685,ESM6
2026-06-07T22:00:25.904927182Z,2026-06-07T22:00:25.904428661Z,0,1,42140864,T,A,0,7366.500000000,2,0,13039,20733,ESM6
2026-06-07T22:00:25.904927182Z,2026-06-07T22:00:25.904428661Z,0,1,42140864,T,A,0,7366.250000000,1,0,13039,20733,ESM6
2026-06-07T22:00:26.018523783Z,2026-06-07T22:00:26.018157323Z,0,1,42140864,T,A,0,7366.250000000,1,0,12677,20769,ESM6
2026-06-07T22:00:26.019371803Z,2026-06-07T22:00:26.019050103Z,0,1,42140864,T,A,0,7366.250000000,1,0,12422,20785,ESM6
2026-06-07T22:00:26.250826886Z,2026-06-07T22:00:26.250468213Z,0,1,42140864,T,A,0,7366.250000000,1,0,12378,20862,ESM6
2026-06-07T22:00:26.468478542Z,2026-06-07T22:00:26.467820865Z,0,1,42140864,T,B,0,7366.750000000,1,0,12212,20882,ESM6
2026-06-07T22:00:26.570091663Z,2026-06-07T22:00:26.569677649Z,0,1,42140864,T,B,0,7366.750000000,3,0,12781,20886,ESM6
2026-06-07T22:00:26.572504671Z,2026-06-07T22:00:26.572153323Z,0,1,42140864,T,B,0,7367.000000000,1,0,12396,20908,ESM6
2026-06-07T22:00:26.920373143Z,2026-06-07T22:00:26.919965801Z,0,1,42140864,T,B,0,7367.250000000,1,0,12554,20940,ESM6
2026-06-07T22:00:27.084145915Z,2026-06-07T22:00:27.083761341Z,0,1,42140864,T,A,0,7367.000000000,1,0,12053,20980,ESM6
2026-06-07T22:00:27.233541347Z,2026-06-07T22:00:27.233108705Z,0,1,42140870,T,A,0,7427.000000000,1,0,13605,20993,ESU6
2026-06-07T22:00:27.233869840Z,2026-06-07T22:00:27.233525769Z,0,1,42140864,T,A,0,7366.750000000,1,0,12456,20995,ESM6
2026-06-07T22:00:27.233990026Z,2026-06-07T22:00:27.233544833Z,0,1,42140870,T,B,0,7426.750000000,1,0,12368,20997,ESU6
2026-06-07T22:00:27.762629091Z,2026-06-07T22:00:27.762086567Z,0,1,42140864,T,A,0,7366.500000000,3,0,13105,21073,ESM6
2026-06-07T22:00:27.763386204Z,2026-06-07T22:00:27.762859065Z,0,1,42140864,T,A,0,7366.250000000,3,0,12534,21094,ESM6
2026-06-07T22:00:27.764091556Z,2026-06-07T22:00:27.763652469Z,0,1,42140864,T,A,0,7366.250000000,1,0,12545,21112,ESM6
2026-06-07T22:00:27.998646905Z,2026-06-07T22:00:27.998037599Z,0,1,42140864,T,B,0,7366.000000000,5,0,13089,21191,ESM6
2026-06-07T22:00:28.539844022Z,2026-06-07T22:00:28.539409681Z,0,1,42140864,T,B,0,7366.500000000,4,0,13046,21290,ESM6
2026-06-07T22:00:28.540318007Z,2026-06-07T22:00:28.539800557Z,0,1,42140864,T,B,0,7366.500000000,1,0,12483,21292,ESM6
2026-06-07T22:00:28.540318007Z,2026-06-07T22:00:28.539800557Z,0,1,42140864,T,B,0,7366.750000000,1,0,12483,21292,ESM6
2026-06-07T22:00:28.542236141Z,2026-06-07T22:00:28.541878693Z,0,1,42140864,T,A,0,7366.750000000,1,0,12293,21335,ESM6
2026-06-07T22:00:28.544484382Z,2026-06-07T22:00:28.542651709Z,0,1,42140864,T,A,0,7366.500000000,3,0,16633,21339,ESM6
2026-06-07T22:00:28.544484382Z,2026-06-07T22:00:28.542651709Z,0,1,42140864,T,A,0,7366.250000000,6,0,16633,21339,ESM6
2026-06-07T22:00:28.544484382Z,2026-06-07T22:00:28.542651709Z,0,1,42140864,T,A,0,7366.000000000,2,0,16633,21339,ESM6
2026-06-07T22:00:28.544484382Z,2026-06-07T22:00:28.542651709Z,0,1,42140864,T,A,0,7365.750000000,7,0,16633,21339,ESM6
2026-06-07T22:00:28.544484382Z,2026-06-07T22:00:28.542651709Z,0,1,42140864,T,A,0,7365.500000000,3,0,16633,21339,ESM6
2026-06-07T22:00:28.544484382Z,2026-06-07T22:00:28.542651709Z,0,1,42140864,T,A,0,7365.250000000,5,0,16633,21339,ESM6
2026-06-07T22:00:28.544484382Z,2026-06-07T22:00:28.542651709Z,0,1,42140864,T,A,0,7365.000000000,9,0,16633,21339,ESM6
2026-06-07T22:00:28.544484382Z,2026-06-07T22:00:28.542651709Z,0,1,42140864,T,A,0,7364.750000000,12,0,16633,21339,ESM6
2026-06-07T22:00:28.544484382Z,2026-06-07T22:00:28.542651709Z,0,1,42140864,T,A,0,7364.500000000,9,0,16633,21339,ESM6
2026-06-07T22:00:28.544484382Z,2026-06-07T22:00:28.542651709Z,0,1,42140864,T,A,0,7364.250000000,11,0,16633,21339,ESM6
2026-06-07T22:00:28.544951014Z,2026-06-07T22:00:28.542651709Z,0,1,42140864,T,A,0,7364.000000000,5,0,12992,21340,ESM6
2026-06-07T22:00:28.544957868Z,2026-06-07T22:00:28.542651709Z,0,1,42140864,T,A,0,7364.000000000,1,0,12240,21341,ESM6
2026-06-07T22:00:28.545056665Z,2026-06-07T22:00:28.542651709Z,0,1,42140864,T,A,0,7364.000000000,1,0,13151,21342,ESM6
2026-06-07T22:00:28.547277394Z,2026-06-07T22:00:28.544536645Z,0,1,42004810,T,B,0,61.450000000,2,0,13230,21382,ESM6-ESU6
2026-06-07T22:00:28.547905759Z,2026-06-07T22:00:28.545237009Z,0,1,42140864,T,A,0,7365.500000000,1,0,12589,21409,ESM6
2026-06-07T22:00:28.548059715Z,2026-06-07T22:00:28.545491841Z,0,1,42140870,T,B,0,7426.000000000,1,0,19828,21412,ESU6
2026-06-07T22:00:28.548456884Z,2026-06-07T22:00:28.547285639Z,0,1,42140870,T,B,0,7426.000000000,1,0,16861,21414,ESU6
2026-06-07T22:00:28.548629887Z,2026-06-07T22:00:28.548015935Z,0,1,42140864,T,A,0,7365.500000000,1,0,16896,21416,ESM6
2026-06-07T22:00:28.550770556Z,2026-06-07T22:00:28.550355889Z,0,1,42140864,T,A,0,7364.500000000,1,0,12563,21488,ESM6
2026-06-07T22:00:28.551665230Z,2026-06-07T22:00:28.551328307Z,0,1,42140864,T,B,0,7364.750000000,1,0,12590,21521,ESM6
2026-06-07T22:00:28.553748571Z,2026-06-07T22:00:28.553427527Z,0,1,42140864,T,B,0,7364.750000000,1,0,12581,21531,ESM6
2026-06-07T22:00:28.568635953Z,2026-06-07T22:00:28.568282913Z,0,1,42140864,T,A,0,7364.250000000,2,0,12920,21558,ESM6
2026-06-07T22:00:28.717537777Z,2026-06-07T22:00:28.717157459Z,0,1,42140864,T,B,0,7364.500000000,2,0,13080,21680,ESM6
2026-06-07T22:00:28.717644293Z,2026-06-07T22:00:28.717248923Z,0,1,42140864,T,B,0,7364.500000000,1,0,12542,21682,ESM6
2026-06-07T22:00:28.764280771Z,2026-06-07T22:00:28.763939051Z,0,1,42140864,T,A,0,7365.000000000,1,0,12650,21783,ESM6
2026-06-07T22:00:29.442814902Z,2026-06-07T22:00:29.442405231Z,0,1,42140864,T,A,0,7364.750000000,1,0,12450,21986,ESM6
2026-06-07T22:00:29.443206505Z,2026-06-07T22:00:29.442823425Z,0,1,42140864,T,A,0,7364.500000000,2,0,12740,21989,ESM6
2026-06-07T22:00:29.457755121Z,2026-06-07T22:00:29.457306503Z,0,1,42140864,T,A,0,7364.250000000,2,0,12739,22014,ESM6
2026-06-07T22:00:29.459034044Z,2026-06-07T22:00:29.458722325Z,0,1,42140864,T,A,0,7364.250000000,1,0,12478,22031,ESM6
2026-06-07T22:00:29.536185160Z,2026-06-07T22:00:29.535796909Z,0,1,42140864,T,A,0,7364.000000000,1,0,14101,22045,ESM6
2026-06-07T22:00:29.617705857Z,2026-06-07T22:00:29.617207395Z,0,1,42140864,T,A,0,7364.000000000,3,0,12608,22079,ESM6
2026-06-07T22:00:29.887444265Z,2026-06-07T22:00:29.887101883Z,0,1,42140864,T,A,0,7363.750000000,1,0,12964,22164,ESM6
2026-06-07T22:00:30.457743854Z,2026-06-07T22:00:30.457187017Z,0,1,42140864,T,A,0,7363.500000000,4,0,13087,22223,ESM6
2026-06-07T22:00:30.458172356Z,2026-06-07T22:00:30.457761725Z,0,1,42140864,T,B,0,7363.500000000,1,0,13193,22230,ESM6
2026-06-07T22:00:30.458532663Z,2026-06-07T22:00:30.458200061Z,0,1,42140864,T,B,0,7363.500000000,3,0,12577,22241,ESM6
2026-06-07T22:00:30.652804789Z,2026-06-07T22:00:30.652393685Z,0,1,42140864,T,A,0,7363.500000000,1,0,12351,22264,ESM6
2026-06-07T22:00:30.847980647Z,2026-06-07T22:00:30.847573337Z,0,1,42140864,T,B,0,7363.500000000,2,0,12653,22296,ESM6
2026-06-07T22:00:30.873769434Z,2026-06-07T22:00:30.873383883Z,0,1,42140864,T,A,0,7363.750000000,1,0,12488,22327,ESM6
2026-06-07T22:00:31.007954502Z,2026-06-07T22:00:31.007510285Z,0,1,42140864,T,A,0,7363.750000000,1,0,12737,22349,ESM6
2026-06-07T22:00:31.023429873Z,2026-06-07T22:00:31.022999341Z,0,1,42140864,T,B,0,7364.000000000,1,0,12179,22366,ESM6
2026-06-07T22:00:31.026325887Z,2026-06-07T22:00:31.025786675Z,0,1,42140864,T,B,0,7365.250000000,3,0,12956,22430,ESM6
2026-06-07T22:00:31.040821033Z,2026-06-07T22:00:31.040413499Z,0,1,42140864,T,B,0,7364.750000000,1,0,13023,22492,ESM6
2026-06-07T22:00:31.041179793Z,2026-06-07T22:00:31.040803547Z,0,1,42140864,T,B,0,7365.000000000,1,0,12530,22495,ESM6
2026-06-07T22:00:31.218002981Z,2026-06-07T22:00:31.217497945Z,0,1,42140864,T,A,0,7364.500000000,3,0,12938,22572,ESM6
2026-06-07T22:00:31.244416614Z,2026-06-07T22:00:31.243933115Z,0,1,42140864,T,B,0,7365.000000000,3,0,12531,22598,ESM6
2026-06-07T22:00:31.245017755Z,2026-06-07T22:00:31.244437285Z,0,1,42140864,T,A,0,7364.750000000,1,0,12648,22603,ESM6
2026-06-07T22:00:31.245017755Z,2026-06-07T22:00:31.244437285Z,0,1,42140864,T,A,0,7364.500000000,2,0,12648,22603,ESM6
2026-06-07T22:00:31.245175743Z,2026-06-07T22:00:31.244790953Z,0,1,42140864,T,B,0,7365.000000000,3,0,12624,22605,ESM6
2026-06-07T22:00:31.256889358Z,2026-06-07T22:00:31.256525769Z,0,1,42140864,T,A,0,7365.000000000,1,0,12565,22626,ESM6
2026-06-07T22:00:31.320494655Z,2026-06-07T22:00:31.320103631Z,0,1,42140864,T,A,0,7364.750000000,1,0,12308,22646,ESM6
2026-06-07T22:00:31.320917724Z,2026-06-07T22:00:31.320513361Z,0,1,42140864,T,A,0,7364.750000000,1,0,12302,22652,ESM6
2026-06-07T22:00:31.323858070Z,2026-06-07T22:00:31.323484239Z,0,1,42140864,T,B,0,7365.000000000,1,0,12583,22678,ESM6
2026-06-07T22:00:31.343786513Z,2026-06-07T22:00:31.343423891Z,0,1,42140864,T,B,0,7365.500000000,1,0,12514,22690,ESM6
2026-06-07T22:00:31.344239302Z,2026-06-07T22:00:31.343939851Z,0,1,42140864,T,A,0,7365.000000000,1,0,12288,22696,ESM6
2026-06-07T22:00:31.506615990Z,2026-06-07T22:00:31.506148271Z,0,1,42140864,T,A,0,7364.750000000,2,0,12594,22730,ESM6
2026-06-07T22:00:31.506615990Z,2026-06-07T22:00:31.506148271Z,0,1,42140864,T,A,0,7364.500000000,1,0,12594,22730,ESM6
2026-06-07T22:00:31.624819243Z,2026-06-07T22:00:31.624492283Z,0,1,42140864,T,B,0,7365.000000000,1,0,12434,22772,ESM6
2026-06-07T22:00:31.737975523Z,2026-06-07T22:00:31.737603513Z,0,1,42140864,T,A,0,7364.750000000,1,0,12536,22780,ESM6
2026-06-07T22:00:31.738182334Z,2026-06-07T22:00:31.737683745Z,0,1,42140864,T,B,0,7365.000000000,1,0,12237,22782,ESM6
2026-06-07T22:00:31.779604633Z,2026-06-07T22:00:31.778235845Z,0,1,42140864,T,A,0,7364.750000000,1,0,13953,22795,ESM6
2026-06-07T22:00:31.779604633Z,2026-06-07T22:00:31.778235845Z,0,1,42140864,T,A,0,7364.500000000,3,0,13953,22795,ESM6
2026-06-07T22:00:31.779604633Z,2026-06-07T22:00:31.778235845Z,0,1,42140864,T,A,0,7364.250000000,4,0,13953,22795,ESM6
2026-06-07T22:00:31.779604633Z,2026-06-07T22:00:31.778235845Z,0,1,42140864,T,A,0,7364.000000000,4,0,13953,22795,ESM6
2026-06-07T22:00:31.779604633Z,2026-06-07T22:00:31.778235845Z,0,1,42140864,T,A,0,7363.750000000,2,0,13953,22795,ESM6
2026-06-07T22:00:31.779604633Z,2026-06-07T22:00:31.778235845Z,0,1,42140864,T,A,0,7363.500000000,3,0,13953,22795,ESM6
2026-06-07T22:00:31.779604633Z,2026-06-07T22:00:31.778235845Z,0,1,42140864,T,A,0,7363.250000000,3,0,13953,22795,ESM6
2026-06-07T22:00:31.779615076Z,2026-06-07T22:00:31.778235845Z,0,1,42140864,T,A,0,7363.250000000,2,0,13509,22796,ESM6
2026-06-07T22:00:31.791112166Z,2026-06-07T22:00:31.790703741Z,0,1,42140864,T,A,0,7363.750000000,1,0,12435,22915,ESM6
2026-06-07T22:00:31.884119772Z,2026-06-07T22:00:31.883737725Z,0,1,42140864,T,B,0,7364.250000000,2,0,12651,22969,ESM6
2026-06-07T22:00:31.923271925Z,2026-06-07T22:00:31.922785877Z,0,1,42140864,T,A,0,7364.500000000,5,0,12593,23051,ESM6
2026-06-07T22:00:31.943246755Z,2026-06-07T22:00:31.942834311Z,0,1,42140864,T,B,0,7364.750000000,2,0,12623,23121,ESM6
2026-06-07T22:00:32.035482505Z,2026-06-07T22:00:32.035046303Z,0,1,42140864,T,B,0,7365.000000000,2,0,12255,23160,ESM6
2026-06-07T22:00:32.097769335Z,2026-06-07T22:00:32.097394863Z,0,1,42140864,T,B,0,7365.250000000,1,0,12963,23190,ESM6
2026-06-07T22:00:32.098532362Z,2026-06-07T22:00:32.098219967Z,0,1,42140864,T,A,0,7365.250000000,1,0,12303,23208,ESM6
2026-06-07T22:00:32.121346283Z,2026-06-07T22:00:32.121011749Z,0,1,42140864,T,B,0,7365.500000000,1,0,12117,23224,ESM6
2026-06-07T22:00:32.268928295Z,2026-06-07T22:00:32.268585095Z,0,1,42140864,T,A,0,7365.250000000,1,0,12895,23230,ESM6
2026-06-07T22:00:32.335857582Z,2026-06-07T22:00:32.335498697Z,0,1,42140864,T,B,0,7365.250000000,1,0,12708,23287,ESM6
2026-06-07T22:00:32.351776759Z,2026-06-07T22:00:32.351224671Z,0,1,42140864,T,A,0,7365.000000000,3,0,12893,23301,ESM6
2026-06-07T22:00:32.351776759Z,2026-06-07T22:00:32.351224671Z,0,1,42140864,T,A,0,7364.750000000,2,0,12893,23301,ESM6
2026-06-07T22:00:32.589908499Z,2026-06-07T22:00:32.589453127Z,0,1,42140864,T,A,0,7364.750000000,1,0,13045,23369,ESM6
2026-06-07T22:00:32.834359537Z,2026-06-07T22:00:32.833786569Z,0,1,42140864,T,A,0,7364.750000000,1,0,12831,23393,ESM6
2026-06-07T22:00:32.843172435Z,2026-06-07T22:00:32.842802321Z,0,1,42140864,T,A,0,7364.750000000,2,0,12683,23406,ESM6
2026-06-07T22:00:32.843837814Z,2026-06-07T22:00:32.843523001Z,0,1,42140864,T,B,0,7364.750000000,1,0,14743,23416,ESM6
2026-06-07T22:00:32.844190769Z,2026-06-07T22:00:32.843871101Z,0,1,42140864,T,A,0,7364.500000000,1,0,12265,23421,ESM6
2026-06-07T22:00:32.972631905Z,2026-06-07T22:00:32.972241157Z,0,1,42140864,T,A,0,7364.250000000,2,0,12274,23440,ESM6
2026-06-07T22:00:32.973725193Z,2026-06-07T22:00:32.973300951Z,0,1,42140864,T,A,0,7364.000000000,1,0,12126,23470,ESM6
2026-06-07T22:00:33.038825027Z,2026-06-07T22:00:33.038473573Z,0,1,42140864,T,A,0,7363.500000000,1,0,15840,23559,ESM6
2026-06-07T22:00:33.082577570Z,2026-06-07T22:00:33.082240515Z,0,1,42140864,T,A,0,7363.500000000,1,0,12310,23624,ESM6
2026-06-07T22:00:33.222145618Z,2026-06-07T22:00:33.221593719Z,0,1,42140864,T,B,0,7364.000000000,3,0,15396,23661,ESM6
2026-06-07T22:00:33.247446712Z,2026-06-07T22:00:33.247052919Z,0,1,42140864,T,B,0,7364.000000000,1,0,18556,23693,ESM6
2026-06-07T22:00:33.247786171Z,2026-06-07T22:00:33.247421273Z,0,1,42140864,T,B,0,7364.250000000,1,0,12762,23695,ESM6
2026-06-07T22:00:33.285584758Z,2026-06-07T22:00:33.285212631Z,0,1,42140864,T,A,0,7363.750000000,3,0,12740,23716,ESM6
2026-06-07T22:00:33.306050583Z,2026-06-07T22:00:33.305676555Z,0,1,42140864,T,B,0,7363.750000000,1,0,19844,23770,ESM6
2026-06-07T22:00:33.311560966Z,2026-06-07T22:00:33.311226955Z,0,1,42140864,T,A,0,7363.500000000,1,0,12854,23778,ESM6
2026-06-07T22:00:33.353899444Z,2026-06-07T22:00:33.353346321Z,0,1,42140864,T,A,0,7363.250000000,2,0,19025,23787,ESM6
2026-06-07T22:00:33.353899444Z,2026-06-07T22:00:33.353346321Z,0,1,42140864,T,A,0,7363.000000000,1,0,19025,23787,ESM6
2026-06-07T22:00:33.354393473Z,2026-06-07T22:00:33.353947139Z,0,1,42140864,T,A,0,7363.250000000,1,0,12235,23799,ESM6
2026-06-07T22:00:33.355935459Z,2026-06-07T22:00:33.355595829Z,0,1,42140864,T,B,0,7363.250000000,1,0,12459,23821,ESM6
2026-06-07T22:00:33.356292349Z,2026-06-07T22:00:33.355923443Z,0,1,42140864,T,B,0,7363.250000000,1,0,12598,23823,ESM6
2026-06-07T22:00:33.356448803Z,2026-06-07T22:00:33.355977661Z,0,1,42140864,T,B,0,7363.250000000,1,0,12726,23825,ESM6
2026-06-07T22:00:33.762564391Z,2026-06-07T22:00:33.762216523Z,0,1,42140864,T,A,0,7363.500000000,1,0,20619,23897,ESM6
2026-06-07T22:00:33.865931994Z,2026-06-07T22:00:33.865504855Z,0,1,42140864,T,B,0,7363.500000000,1,0,19403,23943,ESM6
2026-06-07T22:00:33.866410817Z,2026-06-07T22:00:33.866030413Z,0,1,42140864,T,A,0,7363.250000000,1,0,12658,23954,ESM6
2026-06-07T22:00:34.584117879Z,2026-06-07T22:00:34.583685569Z,0,1,42140864,T,B,0,7363.750000000,1,0,21545,24001,ESM6
2026-06-07T22:00:34.617942235Z,2026-06-07T22:00:34.617539927Z,0,1,42140864,T,A,0,7363.250000000,5,0,22127,24005,ESM6
